<?xml version="1.0" encoding="UTF-8"?>
<?xml-stylesheet type="text/xsl" href="https://www.revistas.usp.br/lib/pkp/xml/oai2.xsl" ?>
<OAI-PMH xmlns="http://www.openarchives.org/OAI/2.0/" xmlns:xsi="http://www.w3.org/2001/XMLSchema-instance" xsi:schemaLocation="http://www.openarchives.org/OAI/2.0/ http://www.openarchives.org/OAI/2.0/OAI-PMH.xsd">
<responseDate>2023-08-07T14:50:20Z</responseDate>
<request verb="ListRecords" metadataPrefix="marcxml" set="actafisiatrica">https://www.revistas.usp.br/actafisiatrica/oai</request>
<ListRecords>
<record>
<header>
<identifier>oai:revistas.usp.br:article/114510</identifier>
<datestamp>2019-10-15T11:29:40Z</datestamp>
<setSpec>actafisiatrica:Art.+Rev.</setSpec>
<setSpec>driver</setSpec>
</header>
<metadata>
<record xmlns="http://www.loc.gov/MARC21/slim" xmlns:xsi="http://www.w3.org/2001/XMLSchema-instance" xsi:schemaLocation="http://www.loc.gov/MARC21/slim http://www.loc.gov/standards/marcxml/schema/MARC21slim.xsd">
<leader>     nmb a2200000Iu 4500</leader>
<controlfield tag="008">"150609 2015                        eng  "</controlfield>
<datafield tag="022" ind1="#" ind2="#">
<subfield code="$a">2317-0190</subfield>
</datafield>
<datafield tag="022" ind1="#" ind2="#">
<subfield code="$a">0104-7795</subfield>
</datafield>
<datafield tag="042" ind1=" " ind2=" ">
<subfield code="a">dc</subfield>
</datafield>
<datafield tag="245" ind1="0" ind2="0">
<subfield code="a">Atuação da fisioterapia nas disfunções sexuais femininas: uma revisão sistemática</subfield>
</datafield>  <datafield tag="720" ind1="1" ind2=" ">
<subfield code="a">Wolpe, Raquel Eleine</subfield>
<subfield code="u">Universidade do Estado de Santa Catarina</subfield></datafield>
<datafield tag="720" ind1="1" ind2=" ">
<subfield code="a">Toriy, Ariana Machado</subfield>
<subfield code="u">Universidade do Estado de Santa Catarina</subfield></datafield>
<datafield tag="720" ind1="1" ind2=" ">
<subfield code="a">Silva, Fabiana Pinheiro da</subfield>
<subfield code="u">Universidade do Estado de Santa Catarina</subfield></datafield>
<datafield tag="720" ind1="1" ind2=" ">
<subfield code="a">Zomkowski, Kamilla</subfield>
<subfield code="u">Universidade do Estado de Santa Catarina</subfield></datafield>
<datafield tag="720" ind1="1" ind2=" ">
<subfield code="a">Sperandio, Fabiana Flores</subfield>
<subfield code="u">Universidade do Estado de Santa Catarina</subfield></datafield>
<datafield tag="520" ind1=" " ind2=" ">
<subfield code="a"> The World Health Organization (WHO) considers Female Sexual Dysfunctions (FSDs) to be a public health issue. There are a multitude of disorders such as female sexual arousal disorder, hypoactive sexual desire disorder, orgasmic disorder, dyspareunia, and vaginismus. FSDs are detected in 67.9% of the women in the world and are present in 50% of Asians, in 30-50% of Americans, and in 30% of Brazilians. Objective: To systematically review the literature on the different physiotherapy techniques used in the treatment of FSDs. Methods: A systematic search was conducted in the databases EMBASE, PEDro, and MedLine in data as recent as June 2013, by combining words and descriptors of physical therapy treatments and female sexual dysfunctions. Excluded from review were articles concerning male sexual dysfunction, pilot studies, multicentric papers of projects, and those which were either not available in their entirety or were duplicated in another database. After the selection of studies was complete, the randomized clinical trials were scored on the PEDro Evaluation Scale. Results: Eleven articles were included, six of which went on to be qualitatively evaluated on the PEDro scale. The present study followed the methodological structure of PRISMA (Statement for Reporting Systematic Reviews and Meta-Analyses of Studies). All studies found used questionnaires to assess the effects of physical therapy on FSDs. A total of five different types of interventions were verified: kinesiotherapy (Kegel exercises and pelvic floor muscle training - PFMT), Cognitive behavioral therapy (CBT), biofeedback, electrotherapy (transcutaneous electrical stimulation - TENS, and therapeutic ultrasound - US), and manual therapy. The limitations found in this systematic review were related to the unavailability of the articles in full and the low methodological quality of the studies. Conclusion: All studies showed improvements in sexual function after physical therapy intervention. There is no consensus on any intervention with better results; however, kinesiotherapy using PFMT proved to be advantageous because of its easy application, low cost, easy learning curve, and lasting results achieved in a short period. However, there are methodological shortcomings that still need to be dealt with to determine the most suitable physical therapy treatment for FSDs, as well as defining the best dosage, the protocol to be followed, and the duration of therapy, as well as the best cost-benefit </subfield>
</datafield>
<datafield tag="260" ind1=" " ind2=" ">
<subfield code="b">Faculdade de Medicina, Universidade de São Paulo</subfield>
</datafield>
<dataField tag="260" ind1=" " ind2=" ">
<subfield code="c">2015-06-09 00:00:00</subfield>
</dataField>   <datafield tag="856" ind1=" " ind2=" ">
<subfield code="q">application/pdf</subfield>
</datafield>
<datafield tag="856" ind1=" " ind2=" ">
<subfield code="q">application/pdf</subfield>
</datafield>
<datafield tag="856" ind1="4" ind2="0">
<subfield code="u">https://www.revistas.usp.br/actafisiatrica/article/view/114510</subfield>
</datafield>  <datafield tag="786" ind1="0" ind2=" ">
<subfield code="n">Acta Fisiátrica; v. 22 n. 2 (2015)</subfield>
</datafield>  <datafield tag="546" ind1=" " ind2=" ">
<subfield code="a">eng</subfield>
</datafield>   <datafield tag="540" ind1=" " ind2=" ">
<subfield code="a">Copyright (c) 2015 Acta Fisiátrica</subfield>
</datafield>
</record>
</metadata>
</record>