
<record>
<header>
<identifier>oai:revistas.usp.br:article/114512</identifier>
<datestamp>2019-11-21T21:26:58Z</datestamp>
<setSpec>actafisiatrica:Art.+Rev.</setSpec>
<setSpec>driver</setSpec>
</header>
<metadata>
<record xmlns="http://www.loc.gov/MARC21/slim" xmlns:xsi="http://www.w3.org/2001/XMLSchema-instance" xsi:schemaLocation="http://www.loc.gov/MARC21/slim http://www.loc.gov/standards/marcxml/schema/MARC21slim.xsd">
<leader>     nmb a2200000Iu 4500</leader>
<controlfield tag="008">"150609 2015                        eng  "</controlfield>
<datafield tag="022" ind1="#" ind2="#">
<subfield code="$a">2317-0190</subfield>
</datafield>
<datafield tag="022" ind1="#" ind2="#">
<subfield code="$a">0104-7795</subfield>
</datafield>
<datafield tag="042" ind1=" " ind2=" ">
<subfield code="a">dc</subfield>
</datafield>
<datafield tag="245" ind1="0" ind2="0">
<subfield code="a">Neuroplasticidade e recuperação funcional na reabilitação pós-acidente vascular encefálico</subfield>
</datafield>  <datafield tag="720" ind1="1" ind2=" ">
<subfield code="a">Filippo, Thais Raquel Martins</subfield>
<subfield code="u">Instituto de Medicina Física e Reabilitação, Hospital das Clínicas da Faculdade de Medicina da Universidade de São Paulo</subfield><subfield code="0">https://orcid.org/0000-0002-6671-7587</subfield></datafield>
<datafield tag="720" ind1="1" ind2=" ">
<subfield code="a">Alfieri, Fabio Marcon</subfield>
<subfield code="u">Instituto de Medicina Física e Reabilitação, Hospital das Clínicas da Faculdade de Medicina da Universidade de São Paulo</subfield><subfield code="0">https://orcid.org/0000-0002-5242-3246</subfield></datafield>
<datafield tag="720" ind1="1" ind2=" ">
<subfield code="a">Cichon, Flavio Rodrigo</subfield>
<subfield code="u">Instituto de Medicina Física e Reabilitação, Hospital das Clínicas da Faculdade de Medicina da Universidade de São Paulo</subfield><subfield code="0">https://orcid.org/0000-0002-0757-6200</subfield></datafield>
<datafield tag="720" ind1="1" ind2=" ">
<subfield code="a">Imamura, Marta</subfield>
<subfield code="u">Instituto de Medicina Física e Reabilitação, Hospital das Clínicas da Faculdade de Medicina da Universidade de São Paulo</subfield><subfield code="0">https://orcid.org/0000-0003-0355-9697</subfield></datafield>
<datafield tag="720" ind1="1" ind2=" ">
<subfield code="a">Battistella, Linamara Rizzo</subfield>
<subfield code="u">Universidade de São Paulo. Faculdade de Medicina</subfield><subfield code="0">https://orcid.org/0000-0001-5275-0733</subfield></datafield>
<datafield tag="520" ind1=" " ind2=" ">
<subfield code="a"> O conceito de reabilitação no acidente vascular encefálico (AVE) atualmente é baseado em evidências da neuroplasticidade, considerada responsável pela recuperação após AVE. A escassez de informações na literatura e, principalmente, de métodos que avaliem especificamente a neuroplasticidade não condiz com a sua importância funcional. A literatura aborda, geralmente, as avaliações funcionais dos membros após o AVE e poucos estudos se concentram no comprometimento cerebral. Objetivo: Revisar a literatura para avaliar os programas de reabilitação atuais em AVE e seu potencial para promover melhorias funcionais e plasticidade neuronal. Método: Foi realizada uma revisão de literatura com busca na base de dados do PubMed de artigos publicados de 2000 a 2015. Os descritores utilizados para a pesquisa foram: &quot;Stroke/rehabilitation&quot; OR &quot;Stroke/therapy&quot; AND &quot;Neuronal Plasticity&quot;. Resultados: Foram encontrados 86 estudos, 36 foram classificados como Therapy/Narrow, sendo 17 artigos excluídos por não preencherem os critérios de inclusão ou por não apresentarem tema relevante à pesquisa. Após a seleção por título e resumo, 19 artigos foram lidos na íntegra. Destes, 6 foram excluídos por não contemplarem o objetivo da presente pesquisa. No total, 13 artigos foram revisados. Dentre estes 13 artigos, os instrumentos de avaliação variaram entre a ressonância magnética funcional, estimulação magnética transcraniana e tomografia computadorizada por emissão de fóton único (SPECT). As intervenções utilizadas foram específicas para os membros superiores, exceto por um artigo que teve a intervenção através da terapia de oxigênio hiperbárica. Conclusão: Poucos estudos avaliam a plasticidade neuronal na reabilitação do AVE, e a maioria dos artigos apresentou melhorias tanto funcionais quanto na neuroplasticidade. Entretanto, maiores estudos devem investigar e correlacionar ambos os aspectos na reabilitação dos pacientes com AVE. </subfield>
</datafield>
<datafield tag="260" ind1=" " ind2=" ">
<subfield code="b">Faculdade de Medicina, Universidade de São Paulo</subfield>
</datafield>
<dataField tag="260" ind1=" " ind2=" ">
<subfield code="c">2015-06-09 00:00:00</subfield>
</dataField>   <datafield tag="856" ind1=" " ind2=" ">
<subfield code="q">application/pdf</subfield>
</datafield>
<datafield tag="856" ind1=" " ind2=" ">
<subfield code="q">application/pdf</subfield>
</datafield>
<datafield tag="856" ind1="4" ind2="0">
<subfield code="u">https://www.revistas.usp.br/actafisiatrica/article/view/114512</subfield>
</datafield>  <datafield tag="786" ind1="0" ind2=" ">
<subfield code="n">Acta Fisiátrica; v. 22 n. 2 (2015)</subfield>
</datafield>  <datafield tag="546" ind1=" " ind2=" ">
<subfield code="a">por</subfield>
</datafield>   <datafield tag="540" ind1=" " ind2=" ">
<subfield code="a">Copyright (c) 2015 Acta Fisiátrica</subfield>
</datafield>
</record>
</metadata>
</record>