
<record>
<header>
<identifier>oai:revistas.usp.br:article/114513</identifier>
<datestamp>2019-10-15T11:34:35Z</datestamp>
<setSpec>actafisiatrica:Rel.+Caso</setSpec>
<setSpec>driver</setSpec>
</header>
<metadata>
<record xmlns="http://www.loc.gov/MARC21/slim" xmlns:xsi="http://www.w3.org/2001/XMLSchema-instance" xsi:schemaLocation="http://www.loc.gov/MARC21/slim http://www.loc.gov/standards/marcxml/schema/MARC21slim.xsd">
<leader>     nmb a2200000Iu 4500</leader>
<controlfield tag="008">"150609 2015                        eng  "</controlfield>
<datafield tag="022" ind1="#" ind2="#">
<subfield code="$a">2317-0190</subfield>
</datafield>
<datafield tag="022" ind1="#" ind2="#">
<subfield code="$a">0104-7795</subfield>
</datafield>
<datafield tag="042" ind1=" " ind2=" ">
<subfield code="a">dc</subfield>
</datafield>
<datafield tag="245" ind1="0" ind2="0">
<subfield code="a">Resultados de um programa de condicionamento físico em um paciente com hemofilia A grave</subfield>
</datafield>  <datafield tag="720" ind1="1" ind2=" ">
<subfield code="a">Cruz, Leonardo Danelon da</subfield>
<subfield code="u">Universidade de São Paulo. Faculdade de Medicina. Instituto de Medicina Física e Reabilitação do Hospital das Clínicas</subfield></datafield>
<datafield tag="720" ind1="1" ind2=" ">
<subfield code="a">Mota, Cristiane Gonçalves da</subfield>
<subfield code="u">Universidade de São Paulo. Faculdade de Medicina. Instituto de Medicina Física e Reabilitação do Hospital das Clínicas</subfield></datafield>
<datafield tag="720" ind1="1" ind2=" ">
<subfield code="a">Cardoso, Cristiane Vieira</subfield>
<subfield code="u">Universidade de São Paulo. Faculdade de Medicina. Instituto de Medicina Física e Reabilitação do Hospital das Clínicas</subfield></datafield>
<datafield tag="720" ind1="1" ind2=" ">
<subfield code="a">Miyahara, Katia Lina</subfield>
<subfield code="u">Universidade de São Paulo. Faculdade de Medicina. Instituto de Medicina Física e Reabilitação do Hospital das Clínicas</subfield></datafield>
<datafield tag="720" ind1="1" ind2=" ">
<subfield code="a">Yamamoto, Rodrigo Luis</subfield>
<subfield code="u">Universidade de São Paulo. Faculdade de Medicina. Instituto de Medicina Física e Reabilitação do Hospital das Clínicas</subfield></datafield>
<datafield tag="720" ind1="1" ind2=" ">
<subfield code="a">Jorge Filho, Donaldo</subfield>
<subfield code="u">Universidade de São Paulo. Faculdade de Medicina. Instituto de Medicina Física e Reabilitação do Hospital das Clínicas</subfield></datafield>
<datafield tag="520" ind1=" " ind2=" ">
<subfield code="a"> Hemophilia is a blood clotting disorder that causes the decrease or absence of blood coagulation factors VIII or IX. This disease causes a person to bleed longer than a normal person if it is not treated. A 31-year-old male with hemophilic arthropathy in the left elbow and right ankle was evaluated. The program lasted 20 months, with aerobic and muscle strength training. The muscles involved were the pectoralis major, latissimus dorsi, biceps brachii, triceps brachii, deltoideus, quadriceps femoris, and hamstring. The patient performed two series of 10 repetitions with 45 seconds between series. The intensity was based on the initial test of 10 maximum repetitions in accordance with the rate of perceived exertion on the Borg Scale. Aerobic exercise was performed on a horizontal stationary bike for 20 minutes. Pulse rate was registered at rest, after 10 and then 20 minutes of workout, and again after three minutes of recovery. Six months before the initiation of the fitness program the patient suffered three hemorrhages: two spontaneous in the left elbow and left ankle and one in the right leg due to a small unspecified trauma. All three hemorrhages were treated by means of clotting factors (CF’s). During the program period, the first hemorrhage treated with CF’s occurred in the left elbow by trauma after increasing the exercise load. Twelve months later, the patient had spontaneous bleeding in the same joint. The least improvement in strength was found for the triceps brachii with 33%, whereas the knee extensors improved the most with 257%. The average muscle strength increase was 121%. Monitored physical exercise is an important vehicle in treating of people with hemophilia, presenting the need for resistance training specific for hemophilic patients to prevent injuries and avoiding early wear of the musculoskeletal system. The objective of this study was to present the results of a physical activity program to prevent bleeding episodes in a person with severe hemophilia A and the prophylaxis without administering any clotting factors </subfield>
</datafield>
<datafield tag="260" ind1=" " ind2=" ">
<subfield code="b">Faculdade de Medicina, Universidade de São Paulo</subfield>
</datafield>
<dataField tag="260" ind1=" " ind2=" ">
<subfield code="c">2015-06-09 00:00:00</subfield>
</dataField>   <datafield tag="856" ind1=" " ind2=" ">
<subfield code="q">application/pdf</subfield>
</datafield>
<datafield tag="856" ind1=" " ind2=" ">
<subfield code="q">application/pdf</subfield>
</datafield>
<datafield tag="856" ind1="4" ind2="0">
<subfield code="u">https://www.revistas.usp.br/actafisiatrica/article/view/114513</subfield>
</datafield>  <datafield tag="786" ind1="0" ind2=" ">
<subfield code="n">Acta Fisiátrica; v. 22 n. 2 (2015)</subfield>
</datafield>  <datafield tag="546" ind1=" " ind2=" ">
<subfield code="a">eng</subfield>
</datafield>   <datafield tag="540" ind1=" " ind2=" ">
<subfield code="a">Copyright (c) 2015 Acta Fisiátrica</subfield>
</datafield>
</record>
</metadata>
</record>