
<record>
<header>
<identifier>oai:revistas.usp.br:article/114517</identifier>
<datestamp>2019-10-14T14:50:31Z</datestamp>
<setSpec>actafisiatrica:Art.+Orig.</setSpec>
<setSpec>driver</setSpec>
</header>
<metadata>
<record xmlns="http://www.loc.gov/MARC21/slim" xmlns:xsi="http://www.w3.org/2001/XMLSchema-instance" xsi:schemaLocation="http://www.loc.gov/MARC21/slim http://www.loc.gov/standards/marcxml/schema/MARC21slim.xsd">
<leader>     nmb a2200000Iu 4500</leader>
<controlfield tag="008">"150909 2015                        eng  "</controlfield>
<datafield tag="022" ind1="#" ind2="#">
<subfield code="$a">2317-0190</subfield>
</datafield>
<datafield tag="022" ind1="#" ind2="#">
<subfield code="$a">0104-7795</subfield>
</datafield>
<datafield tag="042" ind1=" " ind2=" ">
<subfield code="a">dc</subfield>
</datafield>
<datafield tag="245" ind1="0" ind2="0">
<subfield code="a">Investigação dos saberes quanto à capacidade funcional e qualidade de vida em idosas institucionalizadas, sob a ótica da CIF</subfield>
</datafield>  <datafield tag="720" ind1="1" ind2=" ">
<subfield code="a">Araujo, Luize Bueno de</subfield>
<subfield code="u">Universidade Federal do Paraná</subfield></datafield>
<datafield tag="720" ind1="1" ind2=" ">
<subfield code="a">Moreira, Natália Boneti</subfield>
<subfield code="u">Universidade Federal do Paraná</subfield></datafield>
<datafield tag="720" ind1="1" ind2=" ">
<subfield code="a">Villegas, Isabela Lúcia Pelloso</subfield>
<subfield code="u">Universidade Federal do Paraná</subfield></datafield>
<datafield tag="720" ind1="1" ind2=" ">
<subfield code="a">Loureiro, Ana Paula Cunha</subfield>
<subfield code="u">Pontifícia Universidade Católica do Paraná. Escola de Saúde e Biociências. Departamento de Fisioterapia</subfield></datafield>
<datafield tag="720" ind1="1" ind2=" ">
<subfield code="a">Israel, Vera Lúcia</subfield>
<subfield code="u">Universidade Federal do Paraná</subfield></datafield>
<datafield tag="720" ind1="1" ind2=" ">
<subfield code="a">Gato, Simone Alves</subfield>
</datafield>
<datafield tag="720" ind1="1" ind2=" ">
<subfield code="a">Kliemann, Gisele</subfield>
<subfield code="u">Universidade Federal do Paraná</subfield></datafield>
<datafield tag="520" ind1=" " ind2=" ">
<subfield code="a"> Objective: To evaluate the functional capacity and quality of life (QoL) of the institutionalized elderly from an ICF perspective. Method: A cross-sectional observational analytic study was conducted with 22 elderly residents (77.9 ± 9.41 years) of a long-stay care institution in Curitiba, Paraná. The following assessment instruments were applied: the Barthel Index, the Nottingham Health Profile Questionnaire, and the International Classification of Functioning, Disability, and Health (ICF). Analysis of the data was done by measures of central tendency (mean) and dispersion (standard deviation). The ICF was analyzed by the distribution of relative and absolute frequencies. Results: The majority of the sample had medium cognitive status and light functional dependency. The domain that most interfered with the elderly’s QOL was physical ability, energy level, sleep, and emotional and social pain, respectively. The ICF frequency distribution showed aspects not observed in the conventional assessment of the participants; in particular, it showed great specificity in the following functions: mental, sensory, and pain, the digestive, metabolic, and endocrine systems, psychomotor, movement, personal care, support and relationships, and individual activities. Conclusions: It is expected that the ICF will be adopted and used in various areas of health, including long-stay care facilities and multidisciplinary teams, so that professionals, through a unified and standard language, may intervene in the health of the individual as a whole. </subfield>
</datafield>
<datafield tag="260" ind1=" " ind2=" ">
<subfield code="b">Faculdade de Medicina, Universidade de São Paulo</subfield>
</datafield>
<dataField tag="260" ind1=" " ind2=" ">
<subfield code="c">2015-09-09 00:00:00</subfield>
</dataField>   <datafield tag="856" ind1=" " ind2=" ">
<subfield code="q">application/pdf</subfield>
</datafield>
<datafield tag="856" ind1=" " ind2=" ">
<subfield code="q">application/pdf</subfield>
</datafield>
<datafield tag="856" ind1="4" ind2="0">
<subfield code="u">https://www.revistas.usp.br/actafisiatrica/article/view/114517</subfield>
</datafield>  <datafield tag="786" ind1="0" ind2=" ">
<subfield code="n">Acta Fisiátrica; v. 22 n. 3 (2015)</subfield>
</datafield>  <datafield tag="546" ind1=" " ind2=" ">
<subfield code="a">eng</subfield>
</datafield>   <datafield tag="540" ind1=" " ind2=" ">
<subfield code="a">Copyright (c) 2015 Acta Fisiátrica</subfield>
</datafield>
</record>
</metadata>
</record>