
<record>
<header>
<identifier>oai:revistas.usp.br:article/114518</identifier>
<datestamp>2019-10-14T15:00:58Z</datestamp>
<setSpec>actafisiatrica:Art.+Orig.</setSpec>
<setSpec>driver</setSpec>
</header>
<metadata>
<record xmlns="http://www.loc.gov/MARC21/slim" xmlns:xsi="http://www.w3.org/2001/XMLSchema-instance" xsi:schemaLocation="http://www.loc.gov/MARC21/slim http://www.loc.gov/standards/marcxml/schema/MARC21slim.xsd">
<leader>     nmb a2200000Iu 4500</leader>
<controlfield tag="008">"150909 2015                        eng  "</controlfield>
<datafield tag="022" ind1="#" ind2="#">
<subfield code="$a">2317-0190</subfield>
</datafield>
<datafield tag="022" ind1="#" ind2="#">
<subfield code="$a">0104-7795</subfield>
</datafield>
<datafield tag="042" ind1=" " ind2=" ">
<subfield code="a">dc</subfield>
</datafield>
<datafield tag="245" ind1="0" ind2="0">
<subfield code="a">Perfil epidemiológico de crianças diagnosticadas com paralisia cerebral atendidas no Centro de Reabilitação Lucy Montoro de São José dos Campos</subfield>
</datafield>  <datafield tag="720" ind1="1" ind2=" ">
<subfield code="a">Toledo, Carolina Abud Weber de</subfield>
<subfield code="u">Centro de Reabilitação Lucy Montoro/Unidade São José dos Campos</subfield></datafield>
<datafield tag="720" ind1="1" ind2=" ">
<subfield code="a">Pereira, Cinthia Hermínia Carvalho Nascimento</subfield>
<subfield code="u">Centro de Reabilitação Lucy Montoro/Unidade São José dos Campos</subfield></datafield>
<datafield tag="720" ind1="1" ind2=" ">
<subfield code="a">Vinhaes, Marilia Menezes</subfield>
<subfield code="u">Centro de Reabilitação Lucy Montoro/Unidade São José dos Campos</subfield></datafield>
<datafield tag="720" ind1="1" ind2=" ">
<subfield code="a">Lopes, Maria Izabel Romão</subfield>
<subfield code="u">Centro de Reabilitação Lucy Montoro/Unidade São José dos Campos</subfield></datafield>
<datafield tag="720" ind1="1" ind2=" ">
<subfield code="a">Nogueira, Maria Angélica Ratier Jajah</subfield>
<subfield code="u">Centro de Reabilitação Lucy Montoro/Unidade São José dos Campos</subfield></datafield>
<datafield tag="520" ind1=" " ind2=" ">
<subfield code="a"> Cerebral Palsy is a disorder of posture and movement due to a brain injury and may result in neurological and motor dysfunction, usually associated with the severity of the sequelae and the child’s age. Objective: To evaluate the epidemiological profile of children diagnosed with Cerebral Palsy treated at the Lucy Montoro Rehabilitation Center in São José dos Campos in the state of São Paulo. Method: 83 medical records were reviewed from December 2011 through December 2014. Factors were recorded such as age, gender, origin, prior physical therapy, types of cerebral palsy according to anatomical distribution, seizures, orthoses, treatment with botulinum toxin, auxiliary means of locomotion, GMFM score, and GMFCS level. Results: There was a predominance of males (55%) and 32% of them were aged between 4 and 6 years. The majority were from São José dos Campos (33 individuals). As to the types of Cerebral Palsy, there was a higher prevalence for tetraplegia and diplegia (43% each); 61% of the patients did not have seizures, and 30% had applications of botulinum toxin. There were 41% who needed assistive devices for locomotion. The prevalent score of GMFM was 0-25% (22 individuals), and the largest portion (29%) classified as level IV in the GMFCS. Conclusion: Further studies are needed to define the epidemiological profile of children with Cerebral Palsy for a better characterization of this population and guidance for future research </subfield>
</datafield>
<datafield tag="260" ind1=" " ind2=" ">
<subfield code="b">Faculdade de Medicina, Universidade de São Paulo</subfield>
</datafield>
<dataField tag="260" ind1=" " ind2=" ">
<subfield code="c">2015-09-09 00:00:00</subfield>
</dataField>   <datafield tag="856" ind1=" " ind2=" ">
<subfield code="q">application/pdf</subfield>
</datafield>
<datafield tag="856" ind1=" " ind2=" ">
<subfield code="q">application/pdf</subfield>
</datafield>
<datafield tag="856" ind1="4" ind2="0">
<subfield code="u">https://www.revistas.usp.br/actafisiatrica/article/view/114518</subfield>
</datafield>  <datafield tag="786" ind1="0" ind2=" ">
<subfield code="n">Acta Fisiátrica; v. 22 n. 3 (2015)</subfield>
</datafield>  <datafield tag="546" ind1=" " ind2=" ">
<subfield code="a">eng</subfield>
</datafield>   <datafield tag="540" ind1=" " ind2=" ">
<subfield code="a">Copyright (c) 2015 Acta Fisiátrica</subfield>
</datafield>
</record>
</metadata>
</record>