
<record>
<header>
<identifier>oai:revistas.usp.br:article/114519</identifier>
<datestamp>2017-11-27T10:26:27Z</datestamp>
<setSpec>actafisiatrica:Art.+Orig.</setSpec>
<setSpec>driver</setSpec>
</header>
<metadata>
<record xmlns="http://www.loc.gov/MARC21/slim" xmlns:xsi="http://www.w3.org/2001/XMLSchema-instance" xsi:schemaLocation="http://www.loc.gov/MARC21/slim http://www.loc.gov/standards/marcxml/schema/MARC21slim.xsd">
<leader>     nmb a2200000Iu 4500</leader>
<controlfield tag="008">"150909 2015                        eng  "</controlfield>
<datafield tag="022" ind1="#" ind2="#">
<subfield code="$a">2317-0190</subfield>
</datafield>
<datafield tag="022" ind1="#" ind2="#">
<subfield code="$a">0104-7795</subfield>
</datafield>
<datafield tag="042" ind1=" " ind2=" ">
<subfield code="a">dc</subfield>
</datafield>
<datafield tag="245" ind1="0" ind2="0">
<subfield code="a">Perfil, critérios de indicação e desfecho da inserção de gastrostomia em um hospital pediátrico universitário</subfield>
</datafield>  <datafield tag="720" ind1="1" ind2=" ">
<subfield code="a">Soutinho, Luise Alexandre Rocha</subfield>
</datafield>
<datafield tag="720" ind1="1" ind2=" ">
<subfield code="a">Fontes, Danyelle Araujo</subfield>
</datafield>
<datafield tag="720" ind1="1" ind2=" ">
<subfield code="a">Carvalho, Yonatta Salarini Vieira de</subfield>
<subfield code="u">Universidade Federal do Rio de Janeiro. Faculdade de Medicina</subfield></datafield>
<datafield tag="720" ind1="1" ind2=" ">
<subfield code="a">Brendim, Mariana Pinheiro</subfield>
<subfield code="u">Universidade Federal do Rio de Janeiro. Faculdade de Medicina</subfield></datafield>
<datafield tag="720" ind1="1" ind2=" ">
<subfield code="a">Marques, Charles Henrique Dias</subfield>
<subfield code="u">Universidade Federal do Rio de Janeiro. Faculdade de Medicina</subfield></datafield>
<datafield tag="520" ind1=" " ind2=" ">
<subfield code="a"> Objective: To describe the profile of patients undergoing a gastrostomy, the recommendations and outcome of this insertion in a Pediatric Teaching Hospital. Method: This was a retrospective, quantitative, and descriptive study that researched the records of patients who underwent a gastrostomy between January 2010 and December 2012. Results: The diseases and conditions most frequent were chronic infantile encephalopathy (77.5%), pneumonia (67.5%), seizures (57.5%), and malnutrition (42.5%). Although most patients presented a history of dysphagia (62.5%), oral feeding was observed most frequently as the most common form of nutrition, before the gastrostomy insertion (42.5%), followed by nasoenteric tube (40%). The introduction of nutrition by gastrostomy was successful and occurred an average of 2.82 (± 1.19) days after insertion. Six months after their gastrostomy, 80% of patients continued feeding only through this access tube and only 2.5% had removed the gastrostomy; 45% of the participants had gastrostomy complications, with extravasation of gastric material (15%) and local inflammation (15%) being the most frequent. Conclusion: The profile of patients undergoing gastrostomy is mostly of individuals with neurological and respiratory diseases, without respiratory support, of the male gender, and feeding by oral cavity or nasoenteric tube for a prolonged period. The main recommendation criteria were dysphagia and neurological diseases. Regarding the outcome, the introduction of nutrition by gastrostomy was successful; most individuals remained with this long-term nutritional support and the most common complications were gastric material extravasation and local inflammations. </subfield>
</datafield>
<datafield tag="260" ind1=" " ind2=" ">
<subfield code="b">Faculdade de Medicina, Universidade de São Paulo</subfield>
</datafield>
<dataField tag="260" ind1=" " ind2=" ">
<subfield code="c">2015-09-09 00:00:00</subfield>
</dataField>   <datafield tag="856" ind1=" " ind2=" ">
<subfield code="q">application/pdf</subfield>
</datafield>
<datafield tag="856" ind1=" " ind2=" ">
<subfield code="q">application/pdf</subfield>
</datafield>
<datafield tag="856" ind1="4" ind2="0">
<subfield code="u">https://www.revistas.usp.br/actafisiatrica/article/view/114519</subfield>
</datafield>  <datafield tag="786" ind1="0" ind2=" ">
<subfield code="n">Acta Fisiátrica; v. 22 n. 3 (2015)</subfield>
</datafield>  <datafield tag="546" ind1=" " ind2=" ">
<subfield code="a">eng</subfield>
</datafield>   <datafield tag="540" ind1=" " ind2=" ">
<subfield code="a">Copyright (c) 2015 Acta Fisiátrica</subfield>
</datafield>
</record>
</metadata>
</record>