
<record>
<header>
<identifier>oai:revistas.usp.br:article/114520</identifier>
<datestamp>2019-10-14T15:05:08Z</datestamp>
<setSpec>actafisiatrica:Art.+Orig.</setSpec>
<setSpec>driver</setSpec>
</header>
<metadata>
<record xmlns="http://www.loc.gov/MARC21/slim" xmlns:xsi="http://www.w3.org/2001/XMLSchema-instance" xsi:schemaLocation="http://www.loc.gov/MARC21/slim http://www.loc.gov/standards/marcxml/schema/MARC21slim.xsd">
<leader>     nmb a2200000Iu 4500</leader>
<controlfield tag="008">"150909 2015                        eng  "</controlfield>
<datafield tag="022" ind1="#" ind2="#">
<subfield code="$a">2317-0190</subfield>
</datafield>
<datafield tag="022" ind1="#" ind2="#">
<subfield code="$a">0104-7795</subfield>
</datafield>
<datafield tag="042" ind1=" " ind2=" ">
<subfield code="a">dc</subfield>
</datafield>
<datafield tag="245" ind1="0" ind2="0">
<subfield code="a">Prevalência de incontinência urinária entre idosos institucionalizados e sua relação com o estado mental, independência funcional e comorbidades associadas</subfield>
</datafield>  <datafield tag="720" ind1="1" ind2=" ">
<subfield code="a">Quadros, Layse Biz de</subfield>
<subfield code="u">Universidade Federal de Santa Catarina</subfield></datafield>
<datafield tag="720" ind1="1" ind2=" ">
<subfield code="a">Aguiar, Alessandra</subfield>
<subfield code="u">Universidade Federal de Santa Catarina</subfield></datafield>
<datafield tag="720" ind1="1" ind2=" ">
<subfield code="a">Menezes, Alessandra Vieira</subfield>
<subfield code="u">Universidade Federal de Santa Catarina</subfield></datafield>
<datafield tag="720" ind1="1" ind2=" ">
<subfield code="a">Alves, Elysama Fernandes</subfield>
<subfield code="u">Universidade Federal de Santa Catarina</subfield></datafield>
<datafield tag="720" ind1="1" ind2=" ">
<subfield code="a">Nery, Tatyana</subfield>
<subfield code="u">Universidade Federal de Santa Catarina</subfield></datafield>
<datafield tag="720" ind1="1" ind2=" ">
<subfield code="a">Bezerra, Poliana Penasso</subfield>
<subfield code="u">Universidade Federal de Santa Catarina</subfield></datafield>
<datafield tag="520" ind1=" " ind2=" ">
<subfield code="a"> Urinary incontinence is defined as the involuntary loss of urine through the urethra, which may cause many social and hygienic problems and changes that compromise social life such as depression, shame, and isolation, with higher prevalence in women than in men. Objectives: To determine the prevalence of urinary incontinence in a sample of institutionalized elderly and analyze its relationship with sociodemographic characteristics, comorbidities, cognitive function, and functional independence. Methods: Cross-sectional, descriptive, and exploratory study. It included 27 seniors of both genders, living in a long-term care facility who met the inclusion criteria. Prevalence was determined by the percentage of elderly patients with urinary incontinence; sociodemographic characteristics and comorbidities were evaluated through a standard history record, reviewed with data from medical records; cognitive function was assessed using the Mini-Mental State Examination, and functional independence was assessed using the modified Barthel scale, while the comparison between groups was made through the Student t test and the associations, through the chi-square test. Results: Nine subjects (33.33%) had urinary incontinence. There was an association between gender and urinary incontinence, with higher prevalence for females (p = 0.029). Urinary incontinence was associated with low educational level (p = 0.014), time at the institution (p = 0.004), functional classification (p = 0.003), and cognitive impairment (p = 0.001). Conclusion: Urinary incontinence is common in elderly residents in long term care facilities, with a higher prevalence in women and was associated with low education, longer time at the institution, greater dependence in performing activities, and greater cognitive impairment </subfield>
</datafield>
<datafield tag="260" ind1=" " ind2=" ">
<subfield code="b">Faculdade de Medicina, Universidade de São Paulo</subfield>
</datafield>
<dataField tag="260" ind1=" " ind2=" ">
<subfield code="c">2015-09-09 00:00:00</subfield>
</dataField>   <datafield tag="856" ind1=" " ind2=" ">
<subfield code="q">application/pdf</subfield>
</datafield>
<datafield tag="856" ind1=" " ind2=" ">
<subfield code="q">application/pdf</subfield>
</datafield>
<datafield tag="856" ind1="4" ind2="0">
<subfield code="u">https://www.revistas.usp.br/actafisiatrica/article/view/114520</subfield>
</datafield>  <datafield tag="786" ind1="0" ind2=" ">
<subfield code="n">Acta Fisiátrica; v. 22 n. 3 (2015)</subfield>
</datafield>  <datafield tag="546" ind1=" " ind2=" ">
<subfield code="a">eng</subfield>
</datafield>   <datafield tag="540" ind1=" " ind2=" ">
<subfield code="a">Copyright (c) 2015 Acta Fisiátrica</subfield>
</datafield>
</record>
</metadata>
</record>