
<record>
<header>
<identifier>oai:revistas.usp.br:article/114521</identifier>
<datestamp>2019-11-21T21:13:00Z</datestamp>
<setSpec>actafisiatrica:Art.+Orig.</setSpec>
<setSpec>driver</setSpec>
</header>
<metadata>
<record xmlns="http://www.loc.gov/MARC21/slim" xmlns:xsi="http://www.w3.org/2001/XMLSchema-instance" xsi:schemaLocation="http://www.loc.gov/MARC21/slim http://www.loc.gov/standards/marcxml/schema/MARC21slim.xsd">
<leader>     nmb a2200000Iu 4500</leader>
<controlfield tag="008">"150909 2015                        eng  "</controlfield>
<datafield tag="022" ind1="#" ind2="#">
<subfield code="$a">2317-0190</subfield>
</datafield>
<datafield tag="022" ind1="#" ind2="#">
<subfield code="$a">0104-7795</subfield>
</datafield>
<datafield tag="042" ind1=" " ind2=" ">
<subfield code="a">dc</subfield>
</datafield>
<datafield tag="245" ind1="0" ind2="0">
<subfield code="a">Qualidade de vida e desempenho ocupacional de indivíduos com esclerose múltipla</subfield>
</datafield>  <datafield tag="720" ind1="1" ind2=" ">
<subfield code="a">Andrade, Valeria Sousa de</subfield>
<subfield code="u">Universidade Federal do Triângulo Mineiro</subfield></datafield>
<datafield tag="720" ind1="1" ind2=" ">
<subfield code="a">Silva, Maysa de Oliveira</subfield>
<subfield code="u">Hospital Otto Krakauer</subfield></datafield>
<datafield tag="520" ind1=" " ind2=" ">
<subfield code="a"> A esclerose múltipla (EM) é uma doença neurológica degenerativa e crônica com ampla gama de sinais e sintomas que podem comprometer a qualidade de vida (QV) e o desempenho ocupacional (DO) dos indivíduos que a exibem. Objetivo: Resumiu-se em avaliar a existência de possível correlaçao entre DO e QV em populaçao com essa doença. Método: Trata-se de uma pesquisa transversal e quantitativa cujos indivíduos frequentavam o ambulatório de neurologia do hospital de clínicas de uma universidade federal no estado de Minas Gerais. O DO e a QV dos indivíduos foram obtidos através da versao em português dos instrumentos Medida Canadense de Desempenho Ocupacional (COPM) e Escala de Determinaçao Funcional da Qualidade de Vida (DEFU), respectivamente. A análise dos dados foi realizada por meio do Coeficiente de Correlaçao de Pearson. Resultados: A amostra envolveu 24 sujeitos, sendo 66,7% do sexo feminino com idade média de 48,3 anos (DP = 10,21). O tipo remitente recorrente (RR) de EM foi o mais observado (91,7%). Os resultados da COPM revelaram que a maior parte dos participantes apresentou desempenho variando de moderado a ruim, tendo sido enumeradas as atividades &quot;andar na rua, subir e descer escadas, ir à casa de familiares e amigos, dançar e ler&quot; como mais difíceis de serem realizadas. Mais de 75% dos indivíduos obtiveram escores abaixo de 6,7 pontos. A DEFU indicou que a QV dos participantes se configurou como boa, tendo 90% dos indivíduos alcançando escore acima de 72 pontos. A associaçao entre o escore da DEFU e seus domínios com os escores de desempenho e satisfaçao da COPM nao apresentou correlaçao estatisticamente significante. A correlaçao entre a &quot;mobilidade&quot; da DEFU apresentou correlaçao significativa com o escore de desempenho da COPM (r = 0,438, p = 0,032). Conclusao: A fadiga é uma das manifestaçoes mais comuns e perturbadoras e pode comprometer o desempenho nas funçoes individuais de forma variada, sendo relatada por 92% dos indivíduos deste estudo. Isto pode ser explicado pelo diminuído número de surtos observados, pela predominância do tipo RR da doença, possível suporte familiar e social. Salienta-se também que alguns participantes da pesquisa mencionaram inteirar-se quanto aos aspectos da doença através da internet ou e reunioes em associaçoes, fato que, segundo eles, os levou a se tornar a par do caráter evolutivo e deteriorante da doença. Isto pode tê-los levado a refletir sobre sua situaçao de vida e ter influenciado sua opiniao sobre a qualidade da mesma. </subfield>
</datafield>
<datafield tag="260" ind1=" " ind2=" ">
<subfield code="b">Faculdade de Medicina, Universidade de São Paulo</subfield>
</datafield>
<dataField tag="260" ind1=" " ind2=" ">
<subfield code="c">2015-09-09 00:00:00</subfield>
</dataField>   <datafield tag="856" ind1=" " ind2=" ">
<subfield code="q">application/pdf</subfield>
</datafield>
<datafield tag="856" ind1="4" ind2="0">
<subfield code="u">https://www.revistas.usp.br/actafisiatrica/article/view/114521</subfield>
</datafield>  <datafield tag="786" ind1="0" ind2=" ">
<subfield code="n">Acta Fisiátrica; v. 22 n. 3 (2015)</subfield>
</datafield>  <datafield tag="546" ind1=" " ind2=" ">
<subfield code="a">por</subfield>
</datafield>   <datafield tag="540" ind1=" " ind2=" ">
<subfield code="a">Copyright (c) 2015 Acta Fisiátrica</subfield>
</datafield>
</record>
</metadata>
</record>