
<record>
<header>
<identifier>oai:revistas.usp.br:article/114532</identifier>
<datestamp>2019-10-14T15:16:03Z</datestamp>
<setSpec>actafisiatrica:Art.+Orig.</setSpec>
<setSpec>driver</setSpec>
</header>
<metadata>
<record xmlns="http://www.loc.gov/MARC21/slim" xmlns:xsi="http://www.w3.org/2001/XMLSchema-instance" xsi:schemaLocation="http://www.loc.gov/MARC21/slim http://www.loc.gov/standards/marcxml/schema/MARC21slim.xsd">
<leader>     nmb a2200000Iu 4500</leader>
<controlfield tag="008">"150909 2015                        eng  "</controlfield>
<datafield tag="022" ind1="#" ind2="#">
<subfield code="$a">2317-0190</subfield>
</datafield>
<datafield tag="022" ind1="#" ind2="#">
<subfield code="$a">0104-7795</subfield>
</datafield>
<datafield tag="042" ind1=" " ind2=" ">
<subfield code="a">dc</subfield>
</datafield>
<datafield tag="245" ind1="0" ind2="0">
<subfield code="a">Desempenho funcional de jogadores de basquete em cadeira de rodas com traumatismo da medula espinal</subfield>
</datafield>  <datafield tag="720" ind1="1" ind2=" ">
<subfield code="a">Fréz, Andersom Ricardo</subfield>
<subfield code="u">Universidade Estadual do Centro-Oeste UNICENTRO/Guarapuava</subfield></datafield>
<datafield tag="720" ind1="1" ind2=" ">
<subfield code="a">Souza, Andrezza Thimoteo de</subfield>
<subfield code="u">Universidade Estadual do Centro-Oeste UNICENTRO/Guarapuava</subfield></datafield>
<datafield tag="720" ind1="1" ind2=" ">
<subfield code="a">Quartiero, Cíntia Raquel Bim</subfield>
<subfield code="u">Universidade Estadual do Centro-Oeste UNICENTRO/Guarapuava</subfield></datafield>
<datafield tag="520" ind1=" " ind2=" ">
<subfield code="a"> Spinal cord injuries affect people’s daily activities and limit their mobility and participation in the community. Adapted sports improve functioning because they supplement the rehabilitation of people who need a wheelchair for mobility. Objective: The aim of this study was to evaluate the functional performance of wheelchair basketball players with spinal cord injury. Method: This cross-sectional study was conducted with 12 athletes. To evaluate their functional performance the Modified Barthel Index, the adapted version of Texas Fitness test, and the medicine ball test were applied. The correlation of functional dependence with other functional performance tests was performed by the nonparametric Spearman test. Results: Six athletes were classified as moderately dependent and six as mildly dependent. The average time for the adapted version of Texas Fitness test was 27.3 ± 3.8 seconds. The average distance for the medicine ball test was 5.2 ± 0.9 meters. We observed a strong negative correlation between the Modified Barthel Index and the adapted version of Texas Fitness test (r = -0.9193, p &lt; 0.0001). Conclusion: The sample group presented as mildly to moderately dependent in carrying out the activities of daily living, with upper limb strength similar to what is described in the literature, but with less agility </subfield>
</datafield>
<datafield tag="260" ind1=" " ind2=" ">
<subfield code="b">Faculdade de Medicina, Universidade de São Paulo</subfield>
</datafield>
<dataField tag="260" ind1=" " ind2=" ">
<subfield code="c">2015-09-09 00:00:00</subfield>
</dataField>   <datafield tag="856" ind1=" " ind2=" ">
<subfield code="q">application/pdf</subfield>
</datafield>
<datafield tag="856" ind1=" " ind2=" ">
<subfield code="q">application/pdf</subfield>
</datafield>
<datafield tag="856" ind1="4" ind2="0">
<subfield code="u">https://www.revistas.usp.br/actafisiatrica/article/view/114532</subfield>
</datafield>  <datafield tag="786" ind1="0" ind2=" ">
<subfield code="n">Acta Fisiátrica; v. 22 n. 3 (2015)</subfield>
</datafield>  <datafield tag="546" ind1=" " ind2=" ">
<subfield code="a">eng</subfield>
</datafield>   <datafield tag="540" ind1=" " ind2=" ">
<subfield code="a">Copyright (c) 2015 Acta Fisiátrica</subfield>
</datafield>
</record>
</metadata>
</record>