
<record>
<header>
<identifier>oai:revistas.usp.br:article/114534</identifier>
<datestamp>2017-11-27T10:26:27Z</datestamp>
<setSpec>actafisiatrica:Art.+Orig.</setSpec>
<setSpec>driver</setSpec>
</header>
<metadata>
<record xmlns="http://www.loc.gov/MARC21/slim" xmlns:xsi="http://www.w3.org/2001/XMLSchema-instance" xsi:schemaLocation="http://www.loc.gov/MARC21/slim http://www.loc.gov/standards/marcxml/schema/MARC21slim.xsd">
<leader>     nmb a2200000Iu 4500</leader>
<controlfield tag="008">"150909 2015                        eng  "</controlfield>
<datafield tag="022" ind1="#" ind2="#">
<subfield code="$a">2317-0190</subfield>
</datafield>
<datafield tag="022" ind1="#" ind2="#">
<subfield code="$a">0104-7795</subfield>
</datafield>
<datafield tag="042" ind1=" " ind2=" ">
<subfield code="a">dc</subfield>
</datafield>
<datafield tag="245" ind1="0" ind2="0">
<subfield code="a">Diferenças no arremesso de jogadores de basquete em cadeira de rodas e convencional</subfield>
</datafield>  <datafield tag="720" ind1="1" ind2=" ">
<subfield code="a">Eltz, Giovana Duarte</subfield>
</datafield>
<datafield tag="720" ind1="1" ind2=" ">
<subfield code="a">Moraes, Enaile Farias</subfield>
</datafield>
<datafield tag="720" ind1="1" ind2=" ">
<subfield code="a">Stocchero, Cíntia Mussi Alvim</subfield>
<subfield code="u">Instituto Federal de Educação, Ciência e Tecnologia do Rio Grande do Sul</subfield></datafield>
<datafield tag="720" ind1="1" ind2=" ">
<subfield code="a">Rocha, Clarice Sperotto dos Santos</subfield>
<subfield code="u">Universidade Federal do Rio Grande do Sul</subfield></datafield>
<datafield tag="720" ind1="1" ind2=" ">
<subfield code="a">Matos, Mauro Gomes</subfield>
<subfield code="u">Instituto Porto Alegre da Igreja Metodista. Centro Universitário Metodista</subfield></datafield>
<datafield tag="520" ind1=" " ind2=" ">
<subfield code="a"> Wheelchair Basketball (WB) follows almost the same rules as Conventional Basketball (CB). Objective: Evaluate the electromyographic (EMG) activation of the pectoralis major (PM), anterior deltoid (AD), and triceps brachii (TB) muscles during shooting in CB and WB athletes and to verify whether there is any difference in muscle activation between the categories. Method: Comparing two groups in a transversal study, CB and WB, in which eleven individuals submitted to an electromyographic examination, of muscles PM, AD, TB on the extremity that was doing the shooting. We used a 4-channel EMG (Miotec/Brazil) (2000Hz/channel). Results: Comparing the muscles, the CB group showed a significant difference: greater AD muscle activation compared to the others; however in the WB group, no differences were found. When comparing between the groups, the PM muscle showed greater activation in the WB group, while the AD muscle was more active in the CB group. The TB muscle showed no difference between groups. Conclusion: From these results, the athletes from the CB and WB groups showed differences in muscle activation during shooting. However, both groups activated the AD the most, followed by the TB. The least active muscle was the PM, and these differences were more visible in the CB group. </subfield>
</datafield>
<datafield tag="260" ind1=" " ind2=" ">
<subfield code="b">Faculdade de Medicina, Universidade de São Paulo</subfield>
</datafield>
<dataField tag="260" ind1=" " ind2=" ">
<subfield code="c">2015-09-09 00:00:00</subfield>
</dataField>   <datafield tag="856" ind1=" " ind2=" ">
<subfield code="q">application/pdf</subfield>
</datafield>
<datafield tag="856" ind1=" " ind2=" ">
<subfield code="q">application/pdf</subfield>
</datafield>
<datafield tag="856" ind1="4" ind2="0">
<subfield code="u">https://www.revistas.usp.br/actafisiatrica/article/view/114534</subfield>
</datafield>  <datafield tag="786" ind1="0" ind2=" ">
<subfield code="n">Acta Fisiátrica; v. 22 n. 3 (2015)</subfield>
</datafield>  <datafield tag="546" ind1=" " ind2=" ">
<subfield code="a">eng</subfield>
</datafield>   <datafield tag="540" ind1=" " ind2=" ">
<subfield code="a">Copyright (c) 2015 Acta Fisiátrica</subfield>
</datafield>
</record>
</metadata>
</record>