
<record>
<header>
<identifier>oai:revistas.usp.br:article/114535</identifier>
<datestamp>2019-10-14T16:40:41Z</datestamp>
<setSpec>actafisiatrica:Art.+Rev.</setSpec>
<setSpec>driver</setSpec>
</header>
<metadata>
<record xmlns="http://www.loc.gov/MARC21/slim" xmlns:xsi="http://www.w3.org/2001/XMLSchema-instance" xsi:schemaLocation="http://www.loc.gov/MARC21/slim http://www.loc.gov/standards/marcxml/schema/MARC21slim.xsd">
<leader>     nmb a2200000Iu 4500</leader>
<controlfield tag="008">"150909 2015                        eng  "</controlfield>
<datafield tag="022" ind1="#" ind2="#">
<subfield code="$a">2317-0190</subfield>
</datafield>
<datafield tag="022" ind1="#" ind2="#">
<subfield code="$a">0104-7795</subfield>
</datafield>
<datafield tag="042" ind1=" " ind2=" ">
<subfield code="a">dc</subfield>
</datafield>
<datafield tag="245" ind1="0" ind2="0">
<subfield code="a">Avaliações que mensurem a percepção dos déficits em indivíduos com lesão cerebral adquirida: uma revisão da literatura</subfield>
</datafield>  <datafield tag="720" ind1="1" ind2=" ">
<subfield code="a">Forattore, Fernanda de Sousa</subfield>
<subfield code="u">Universidade de São Paulo. Faculdade de Medicina. Instituto de Medicina Física e Reabilitação do Hospital das Clínicas</subfield></datafield>
<datafield tag="720" ind1="1" ind2=" ">
<subfield code="a">Ribeiro, Rafaela Larsen</subfield>
<subfield code="u">Universidade Federal de São Paulo. Departamento de Psicobiologia</subfield></datafield>
<datafield tag="520" ind1=" " ind2=" ">
<subfield code="a"> Objective: Through a review of the literature, to select assessments measuring the perception of deficits of individuals with acquired brain injuries who have undergone a self-awareness intervention. Method: A review in the BIREME and PubMed databases was performed going over the past 10 years. Results: In this paper, eleven articles were selected that contained assessments of self-awareness before and after a therapeutic intervention and that had sampled individuals with diagnoses of traumatic brain injury (TBI), stroke, or cerebral tumor. Conclusion: A significant number of publications were found from Australia, European countries, and the United States. The instruments mostly used in the studies were the Self-awareness of Deficits Interview (SADI) and the Awareness Questionnaire (AQ). No validated and standardized studies or evaluations were found from Brazil. Thus, development, translation, and adaptation of assessments measuring the perception of awareness in the Brazilian population are required in order to provide an evidencebased practice by the use of intervention models </subfield>
</datafield>
<datafield tag="260" ind1=" " ind2=" ">
<subfield code="b">Faculdade de Medicina, Universidade de São Paulo</subfield>
</datafield>
<dataField tag="260" ind1=" " ind2=" ">
<subfield code="c">2015-09-09 00:00:00</subfield>
</dataField>   <datafield tag="856" ind1=" " ind2=" ">
<subfield code="q">application/pdf</subfield>
</datafield>
<datafield tag="856" ind1=" " ind2=" ">
<subfield code="q">application/pdf</subfield>
</datafield>
<datafield tag="856" ind1="4" ind2="0">
<subfield code="u">https://www.revistas.usp.br/actafisiatrica/article/view/114535</subfield>
</datafield>  <datafield tag="786" ind1="0" ind2=" ">
<subfield code="n">Acta Fisiátrica; v. 22 n. 3 (2015)</subfield>
</datafield>  <datafield tag="546" ind1=" " ind2=" ">
<subfield code="a">eng</subfield>
</datafield>   <datafield tag="540" ind1=" " ind2=" ">
<subfield code="a">Copyright (c) 2015 Acta Fisiátrica</subfield>
</datafield>
</record>
</metadata>
</record>