
<record>
<header>
<identifier>oai:revistas.usp.br:article/114536</identifier>
<datestamp>2019-10-14T16:48:23Z</datestamp>
<setSpec>actafisiatrica:Art.+Rev.</setSpec>
<setSpec>driver</setSpec>
</header>
<metadata>
<record xmlns="http://www.loc.gov/MARC21/slim" xmlns:xsi="http://www.w3.org/2001/XMLSchema-instance" xsi:schemaLocation="http://www.loc.gov/MARC21/slim http://www.loc.gov/standards/marcxml/schema/MARC21slim.xsd">
<leader>     nmb a2200000Iu 4500</leader>
<controlfield tag="008">"150909 2015                        eng  "</controlfield>
<datafield tag="022" ind1="#" ind2="#">
<subfield code="$a">2317-0190</subfield>
</datafield>
<datafield tag="022" ind1="#" ind2="#">
<subfield code="$a">0104-7795</subfield>
</datafield>
<datafield tag="042" ind1=" " ind2=" ">
<subfield code="a">dc</subfield>
</datafield>
<datafield tag="245" ind1="0" ind2="0">
<subfield code="a">Efeito do uso das órteses no prolongamento da marcha de pacientes com distrofia muscular de Duchenne: revisão da literatura</subfield>
</datafield>  <datafield tag="720" ind1="1" ind2=" ">
<subfield code="a">Souza, Mariana Angélica de</subfield>
</datafield>
<datafield tag="720" ind1="1" ind2=" ">
<subfield code="a">Cezarani, Ananda</subfield>
<subfield code="u">Universidade de São Paulo. Faculdade deMedicina de Ribeirão Preto</subfield></datafield>
<datafield tag="720" ind1="1" ind2=" ">
<subfield code="a">Mattiello-Sverzut, Ana Cláudia</subfield>
<subfield code="u">Universidade de São Paulo. Faculdade de Medicina de Ribeirão Preto. Departamento deBiomecânica, Medicina e Reabilitação do AparelhoLocomotor</subfield></datafield>
<datafield tag="520" ind1=" " ind2=" ">
<subfield code="a"> The walking ability of patients with Duchenne muscular dystrophy gradually decreases due to advancing weakness and muscle contracture. Lower limb orthoses are often prescribed in an attempt to prolong ambulation in these patients. Objective: To perform a literature review in order to verify the relationship between using orthoses and prolonging ambulation. Method: A literature review was performed in the PUBMED, PEDRO, and SCIELO databases with the keywords orthoses, bracing, gait, gait loss, ambulation, and Duchenne muscular dystrophy. Results: In 14 selected articles the prescription of knee-ankle-foot orthoses (KAFO) (also called long orthoses) and anklefoot orthoses (AFO) was identified, always associated with another therapeutic intervention. Most studies have reported that the use of such a device prolongs ambulation. Conclusion: The use of orthoses, regardless of type, prolongs ambulation, because it delays the progress of muscle contracture. Thus, the early use of AFO is recommended in order to minimize the functional impairment characteristic of the disease </subfield>
</datafield>
<datafield tag="260" ind1=" " ind2=" ">
<subfield code="b">Faculdade de Medicina, Universidade de São Paulo</subfield>
</datafield>
<dataField tag="260" ind1=" " ind2=" ">
<subfield code="c">2015-09-09 00:00:00</subfield>
</dataField>   <datafield tag="856" ind1=" " ind2=" ">
<subfield code="q">application/pdf</subfield>
</datafield>
<datafield tag="856" ind1=" " ind2=" ">
<subfield code="q">application/pdf</subfield>
</datafield>
<datafield tag="856" ind1="4" ind2="0">
<subfield code="u">https://www.revistas.usp.br/actafisiatrica/article/view/114536</subfield>
</datafield>  <datafield tag="786" ind1="0" ind2=" ">
<subfield code="n">Acta Fisiátrica; v. 22 n. 3 (2015)</subfield>
</datafield>  <datafield tag="546" ind1=" " ind2=" ">
<subfield code="a">eng</subfield>
</datafield>   <datafield tag="540" ind1=" " ind2=" ">
<subfield code="a">Copyright (c) 2015 Acta Fisiátrica</subfield>
</datafield>
</record>
</metadata>
</record>