
<record>
<header>
<identifier>oai:revistas.usp.br:article/114537</identifier>
<datestamp>2019-10-14T14:41:49Z</datestamp>
<setSpec>actafisiatrica:Art.+Orig.</setSpec>
<setSpec>driver</setSpec>
</header>
<metadata>
<record xmlns="http://www.loc.gov/MARC21/slim" xmlns:xsi="http://www.w3.org/2001/XMLSchema-instance" xsi:schemaLocation="http://www.loc.gov/MARC21/slim http://www.loc.gov/standards/marcxml/schema/MARC21slim.xsd">
<leader>     nmb a2200000Iu 4500</leader>
<controlfield tag="008">"150909 2015                        eng  "</controlfield>
<datafield tag="022" ind1="#" ind2="#">
<subfield code="$a">2317-0190</subfield>
</datafield>
<datafield tag="022" ind1="#" ind2="#">
<subfield code="$a">0104-7795</subfield>
</datafield>
<datafield tag="042" ind1=" " ind2=" ">
<subfield code="a">dc</subfield>
</datafield>
<datafield tag="245" ind1="0" ind2="0">
<subfield code="a">Avaliação da qualidade de vida de portadores de insuficiência cardíaca congestiva e sua correlação com a Classificação Internacional de Funcionalidade, Incapacidade e Saúde</subfield>
</datafield>  <datafield tag="720" ind1="1" ind2=" ">
<subfield code="a">Zaponi, Renata Souza</subfield>
</datafield>
<datafield tag="720" ind1="1" ind2=" ">
<subfield code="a">Frez, Andersom Ricardo</subfield>
<subfield code="u">Universidade Estadual do Centro-Oeste UNICENTRO / Guarapuava</subfield></datafield>
<datafield tag="720" ind1="1" ind2=" ">
<subfield code="a">Mora, Cintia Teixeira Rossato</subfield>
<subfield code="u">Hospital Ministro Costa Cavalcante</subfield></datafield>
<datafield tag="720" ind1="1" ind2=" ">
<subfield code="a">Ruaro, João Afonso</subfield>
<subfield code="u">Universidade Estadual do Centro-Oeste UNICENTRO/Guarapuava</subfield></datafield>
<datafield tag="720" ind1="1" ind2=" ">
<subfield code="a">Daniel, Christiane Riedi</subfield>
<subfield code="u">Universidade Estadual do Centro-Oeste UNICENTRO/Guarapuava</subfield></datafield>
<datafield tag="520" ind1=" " ind2=" ">
<subfield code="a"> Objective: To evaluate the quality of life of patients with heart failure and correlate it with the International Classification of Functioning, Disability, and Health (ICF). Method: This is a crosssectional study with a sample of 19 patients, mean age of 66.28 ± 10.93 years, whose quality of life was assessed by the Minnesota Living with Heart Failure Questionnaire (MLHFQ); for each question a domain of ICF was given whose results were then correlated. Results: The average MLHFQ questionnaire score was 61.21 ± 17.56. There was a positive correlation between the quality of life and left ventricular ejection fraction (r = 0.75; p = 0.0006), which was not seen when comparing the quality of life with functional class. There was a high correlation between patient outcomes and the assessment of the physiotherapist using the ICF. Conclusions: The MLFHQ questionnaire includes the requirements of the ICF, showing a high correlation between its responses and those from the ICF, and is considered global, which allows these instruments to be used in evaluating patients with congestive heart failure (CHF) </subfield>
</datafield>
<datafield tag="260" ind1=" " ind2=" ">
<subfield code="b">Faculdade de Medicina, Universidade de São Paulo</subfield>
</datafield>
<dataField tag="260" ind1=" " ind2=" ">
<subfield code="c">2015-09-09 00:00:00</subfield>
</dataField>   <datafield tag="856" ind1=" " ind2=" ">
<subfield code="q">application/pdf</subfield>
</datafield>
<datafield tag="856" ind1=" " ind2=" ">
<subfield code="q">application/pdf</subfield>
</datafield>
<datafield tag="856" ind1="4" ind2="0">
<subfield code="u">https://www.revistas.usp.br/actafisiatrica/article/view/114537</subfield>
</datafield>  <datafield tag="786" ind1="0" ind2=" ">
<subfield code="n">Acta Fisiátrica; v. 22 n. 3 (2015)</subfield>
</datafield>  <datafield tag="546" ind1=" " ind2=" ">
<subfield code="a">eng</subfield>
</datafield>   <datafield tag="540" ind1=" " ind2=" ">
<subfield code="a">Copyright (c) 2015 Acta Fisiátrica</subfield>
</datafield>
</record>
</metadata>
</record>