
<record>
<header>
<identifier>oai:revistas.usp.br:article/121847</identifier>
<datestamp>2020-07-31T22:15:31Z</datestamp>
<setSpec>actafisiatrica:Art.+Orig.</setSpec>
<setSpec>driver</setSpec>
</header>
<metadata>
<record xmlns="http://www.loc.gov/MARC21/slim" xmlns:xsi="http://www.w3.org/2001/XMLSchema-instance" xsi:schemaLocation="http://www.loc.gov/MARC21/slim http://www.loc.gov/standards/marcxml/schema/MARC21slim.xsd">
<leader>     nmb a2200000Iu 4500</leader>
<controlfield tag="008">"951214 1995                        eng  "</controlfield>
<datafield tag="022" ind1="#" ind2="#">
<subfield code="$a">2317-0190</subfield>
</datafield>
<datafield tag="022" ind1="#" ind2="#">
<subfield code="$a">0104-7795</subfield>
</datafield>
<datafield tag="042" ind1=" " ind2=" ">
<subfield code="a">dc</subfield>
</datafield>
<datafield tag="245" ind1="0" ind2="0">
<subfield code="a">Estudo da interferência dos déficits motor e sensitivo na função manual de pacientes hemiplégicos submetidos à estimulação elétrica funcional (FES)</subfield>
</datafield>  <datafield tag="720" ind1="1" ind2=" ">
<subfield code="a">Miyazaki, Margarida Harumi</subfield>
<subfield code="u">Hospital das Clínicas da Faculdade de Medicina da Universidade de São Paulo</subfield></datafield>
<datafield tag="720" ind1="1" ind2=" ">
<subfield code="a">Lourenção, Maria Inês</subfield>
<subfield code="u">Hospital das Clínicas da Faculdade de Medicina da Universidade de São Paulo</subfield></datafield>
<datafield tag="720" ind1="1" ind2=" ">
<subfield code="a">Ribeiro Sobrinho, José Brenha</subfield>
<subfield code="u">Hospital das Clínicas da Faculdade de Medicina da Universidade de São Paulo</subfield></datafield>
<datafield tag="720" ind1="1" ind2=" ">
<subfield code="a">Lourenço, Claudete</subfield>
<subfield code="u">Hospital das Clínicas da Faculdade de Medicina da Universidade de São Paulo</subfield></datafield>
<datafield tag="720" ind1="1" ind2=" ">
<subfield code="a">Battistella, Linamara Rizzo</subfield>
<subfield code="u">Hospital das Clínicas da Faculdade de Medicina da Universidade de São Paulo</subfield><subfield code="0">https://orcid.org/0000-0001-5275-0733</subfield></datafield>
<datafield tag="520" ind1=" " ind2=" ">
<subfield code="a"> O presente estudo procura identificar os aspectos fisiopatológicos que condicionam um mau prognóstico na aplicação da Estimulação Elétrica Funcional (FES), sendo pareados os bons e maus resultados com os déficits motor e sensitivo. Foram avaliados 17 pacientes hemiplégicos, com praxia e gnosia preservados, submetidos às técnicas convencionais da Terapia Ocupacional e Estimulação Elétrica Funcional. Os eletrodos foram ajustados, de modo a obter dorsiflexão de punho e dedos e abdução de polegar, quando possível. Foram realizadas avaliações das sensibilidades superficial (tactil e dolorosa) e profunda (reconhecimento de diferentes posições do membro acometido), das preensões tipo cilindro, esfera, gancho e pinças lateral, polpa a polpa e 03 pontos, antes e logo após 06 meses de FES. Resultados mostraram que 13 pacientes obtiveram melhora da movimentação ativa manual. Os pacientes que melhoraram tinham sensibilidade superficial e profunda normal ou alterada, mas apresentavam algum tipo de movimentação manual espontânea. Os pacientes, que não melhoraram, tinham alterações das sensibilidades superficial e/ou profunda, mas não tinham qualquer movimentação manual ativa. Conclui-se que a associação da Estimulação Elétrica Funcional às técnicas convencionais de Terapia Ocupacional é um meio eficaz de melhorar a função manual de pacientes hemiplégicos com movimentação voluntária parcialmente preservada. </subfield>
</datafield>
<datafield tag="260" ind1=" " ind2=" ">
<subfield code="b">Faculdade de Medicina, Universidade de São Paulo</subfield>
</datafield>
<dataField tag="260" ind1=" " ind2=" ">
<subfield code="c">1995-12-14 00:00:00</subfield>
</dataField>   <datafield tag="856" ind1=" " ind2=" ">
<subfield code="q">application/pdf</subfield>
</datafield>
<datafield tag="856" ind1="4" ind2="0">
<subfield code="u">https://www.revistas.usp.br/actafisiatrica/article/view/121847</subfield>
</datafield>  <datafield tag="786" ind1="0" ind2=" ">
<subfield code="n">Acta Fisiátrica; v. 2 n. 3 (1995)</subfield>
</datafield>  <datafield tag="546" ind1=" " ind2=" ">
<subfield code="a">por</subfield>
</datafield>   <datafield tag="540" ind1=" " ind2=" ">
<subfield code="a">Copyright (c) 1995 Acta Fisiátrica</subfield>
</datafield>
</record>
</metadata>
</record>