
<record>
<header>
<identifier>oai:revistas.usp.br:article/122342</identifier>
<datestamp>2019-11-21T21:13:38Z</datestamp>
<setSpec>actafisiatrica:Art.+Orig.</setSpec>
<setSpec>driver</setSpec>
</header>
<metadata>
<record xmlns="http://www.loc.gov/MARC21/slim" xmlns:xsi="http://www.w3.org/2001/XMLSchema-instance" xsi:schemaLocation="http://www.loc.gov/MARC21/slim http://www.loc.gov/standards/marcxml/schema/MARC21slim.xsd">
<leader>     nmb a2200000Iu 4500</leader>
<controlfield tag="008">"151201 2015                        eng  "</controlfield>
<datafield tag="022" ind1="#" ind2="#">
<subfield code="$a">2317-0190</subfield>
</datafield>
<datafield tag="022" ind1="#" ind2="#">
<subfield code="$a">0104-7795</subfield>
</datafield>
<datafield tag="042" ind1=" " ind2=" ">
<subfield code="a">dc</subfield>
</datafield>
<datafield tag="245" ind1="0" ind2="0">
<subfield code="a">Ansiedade, depressão e desesperança no cuidador familiar de pacientes com alterações neuropsicológicas</subfield>
</datafield>  <datafield tag="720" ind1="1" ind2=" ">
<subfield code="a">Nobre, Isadora Di Natale</subfield>
<subfield code="u">Associação de Assistência à Criança Deficiente - AACD</subfield></datafield>
<datafield tag="720" ind1="1" ind2=" ">
<subfield code="a">Lemos, Carolina dos Santos</subfield>
<subfield code="u">Associação de Assistência à Criança Deficiente - AACD</subfield></datafield>
<datafield tag="720" ind1="1" ind2=" ">
<subfield code="a">Pardini, Adriana Cristina Guimarães</subfield>
<subfield code="u">Associação de Assistência à Criança Deficiente - AACD</subfield></datafield>
<datafield tag="720" ind1="1" ind2=" ">
<subfield code="a">Carvalho, Janaína de</subfield>
<subfield code="u">Associação de Assistência à Criança Deficiente - AACD</subfield></datafield>
<datafield tag="720" ind1="1" ind2=" ">
<subfield code="a">Salles, Isabel Chateaubriand Diniz</subfield>
<subfield code="u">Associação de Assistência à Criança Deficiente - AACD</subfield></datafield>
<datafield tag="520" ind1=" " ind2=" ">
<subfield code="a"> Objetivo: Identificar a incidência de ansiedade, depressão e desesperança em 54 cuidadores familiares de pacientes com alteração neuropsicológica após lesão encefálica ocorrida na idade adulta. Métodos: Trata-se de um estudo observacional com corte transversal e análise quantitativa, desenvolvido em um centro de reabilitação (Associação de Assistência à Criança Deficiente - AACD) localizado na cidade de São Paulo. Foram aplicados os instrumentos: Inventário de Ansiedade Beck (BAI), Inventário de Depressão Beck (BDI) e Escala de Desesperança Beck (BHS), juntamente com um questionário de caracterização da amostra. Resultados: Os dados foram analisados estatisticamente e dos familiares entrevistados 55,6% apresentou índices de ansiedade, 20,4% apresentou depressão e 31,5% desesperança. Conclusão: Os cuidadores familiares desta pesquisa apresentaram relevante sofrimento psíquico, apontando a necessidade de ações voltadas especificamente a eles nos programas de reabilitação. </subfield>
</datafield>
<datafield tag="260" ind1=" " ind2=" ">
<subfield code="b">Faculdade de Medicina, Universidade de São Paulo</subfield>
</datafield>
<dataField tag="260" ind1=" " ind2=" ">
<subfield code="c">2015-12-01 00:00:00</subfield>
</dataField>   <datafield tag="856" ind1=" " ind2=" ">
<subfield code="q">application/pdf</subfield>
</datafield>
<datafield tag="856" ind1=" " ind2=" ">
<subfield code="q">application/pdf</subfield>
</datafield>
<datafield tag="856" ind1="4" ind2="0">
<subfield code="u">https://www.revistas.usp.br/actafisiatrica/article/view/122342</subfield>
</datafield>  <datafield tag="786" ind1="0" ind2=" ">
<subfield code="n">Acta Fisiátrica; v. 22 n. 4 (2015)</subfield>
</datafield>  <datafield tag="546" ind1=" " ind2=" ">
<subfield code="a">por</subfield>
</datafield>   <datafield tag="540" ind1=" " ind2=" ">
<subfield code="a">Copyright (c) 2015 Acta Fisiátrica</subfield>
</datafield>
</record>
</metadata>
</record>