
<record>
<header>
<identifier>oai:revistas.usp.br:article/122469</identifier>
<datestamp>2019-11-21T21:13:38Z</datestamp>
<setSpec>actafisiatrica:Art.+Orig.</setSpec>
<setSpec>driver</setSpec>
</header>
<metadata>
<record xmlns="http://www.loc.gov/MARC21/slim" xmlns:xsi="http://www.w3.org/2001/XMLSchema-instance" xsi:schemaLocation="http://www.loc.gov/MARC21/slim http://www.loc.gov/standards/marcxml/schema/MARC21slim.xsd">
<leader>     nmb a2200000Iu 4500</leader>
<controlfield tag="008">"151201 2015                        eng  "</controlfield>
<datafield tag="022" ind1="#" ind2="#">
<subfield code="$a">2317-0190</subfield>
</datafield>
<datafield tag="022" ind1="#" ind2="#">
<subfield code="$a">0104-7795</subfield>
</datafield>
<datafield tag="042" ind1=" " ind2=" ">
<subfield code="a">dc</subfield>
</datafield>
<datafield tag="245" ind1="0" ind2="0">
<subfield code="a">Avaliação da destreza manual em indivíduos com artrite reumatoide</subfield>
</datafield>  <datafield tag="720" ind1="1" ind2=" ">
<subfield code="a">Armanini, Karen Kowalski</subfield>
<subfield code="u">Universidade do Estado de Santa Catarina - UDESC</subfield></datafield>
<datafield tag="720" ind1="1" ind2=" ">
<subfield code="a">Weber, Fernanda Matos</subfield>
<subfield code="u">Universidade do Estado de Santa Catarina - UDESC</subfield></datafield>
<datafield tag="720" ind1="1" ind2=" ">
<subfield code="a">Muraro, Caren Fernanda</subfield>
<subfield code="u">Universidade Federal de Santa Catarina - UFS</subfield></datafield>
<datafield tag="720" ind1="1" ind2=" ">
<subfield code="a">Borges Junior, Noé Gomes</subfield>
<subfield code="u">Universidade do Estado de Santa Catarina - UDESC</subfield></datafield>
<datafield tag="720" ind1="1" ind2=" ">
<subfield code="a">Domenech, Susana Cristina</subfield>
<subfield code="u">Universidade do Estado de Santa Catarina - UDESC</subfield></datafield>
<datafield tag="720" ind1="1" ind2=" ">
<subfield code="a">Gevaerd, Monique da Silva</subfield>
<subfield code="u">Universidade do Estado de Santa Catarina - UDESC</subfield></datafield>
<datafield tag="520" ind1=" " ind2=" ">
<subfield code="a"> Objetivo: Analisar a destreza manual de pacientes com AR em funçao do nível de atividade da doença. Métodos: Foram avaliados 23 indivíduos com AR, com média de idade de 54,78 ± 12,54 anos. Todos os participantes foram submetidos a uma entrevista para coleta dos dados de identificaçao e história clínica, coleta de sangue para análise da Proteína C-Reativa, determinaçao do nível de atividade da doença por meio do Disease Activity Score (DAS-28) e avaliaçao da destreza manual pelo Moberg Picking-Up Test (MPUT). Para descartar problemas de sensibilidade tátil dos indivíduos, foi aplicado o teste de sensibilidade dos monofilamentos de Semmes-Weinstein. Resultados: Foi observado que o grupo classificado em moderada atividade da doença apresentou maior tempo para execuçao do MPUT com olhos abertos na mao dominante, quando comparado ao grupo em baixa atividade. O grupo em alta atividade da doença também demorou mais para realizar o MPUT com os olhos fechados na mao dominante, em comparaçao ao grupo em baixa atividade. Adicionalmente, houve uma correlaçao positiva entre o DAS-28 e o tempo de realizaçao do MPUT com os olhos fechados na mao dominante. Conclusao: A destreza manual de indivíduos com AR pode estar prejudicada em funçao do nível de atividade da doença, repercutindo na dificuldade para a realizaçao das atividades de vida diária. Estes dados podem contribuir para a determinaçao de estratégias de tratamento visando a melhoria da qualidade de vida de pacientes com AR. </subfield>
</datafield>
<datafield tag="260" ind1=" " ind2=" ">
<subfield code="b">Faculdade de Medicina, Universidade de São Paulo</subfield>
</datafield>
<dataField tag="260" ind1=" " ind2=" ">
<subfield code="c">2015-12-01 00:00:00</subfield>
</dataField>   <datafield tag="856" ind1=" " ind2=" ">
<subfield code="q">application/pdf</subfield>
</datafield>
<datafield tag="856" ind1=" " ind2=" ">
<subfield code="q">application/pdf</subfield>
</datafield>
<datafield tag="856" ind1="4" ind2="0">
<subfield code="u">https://www.revistas.usp.br/actafisiatrica/article/view/122469</subfield>
</datafield>  <datafield tag="786" ind1="0" ind2=" ">
<subfield code="n">Acta Fisiátrica; v. 22 n. 4 (2015)</subfield>
</datafield>  <datafield tag="546" ind1=" " ind2=" ">
<subfield code="a">por</subfield>
</datafield>   <datafield tag="540" ind1=" " ind2=" ">
<subfield code="a">Copyright (c) 2015 Acta Fisiátrica</subfield>
</datafield>
</record>
</metadata>
</record>