
<record>
<header>
<identifier>oai:revistas.usp.br:article/122488</identifier>
<datestamp>2019-11-21T21:13:38Z</datestamp>
<setSpec>actafisiatrica:Art.+Orig.</setSpec>
<setSpec>driver</setSpec>
</header>
<metadata>
<record xmlns="http://www.loc.gov/MARC21/slim" xmlns:xsi="http://www.w3.org/2001/XMLSchema-instance" xsi:schemaLocation="http://www.loc.gov/MARC21/slim http://www.loc.gov/standards/marcxml/schema/MARC21slim.xsd">
<leader>     nmb a2200000Iu 4500</leader>
<controlfield tag="008">"151201 2015                        eng  "</controlfield>
<datafield tag="022" ind1="#" ind2="#">
<subfield code="$a">2317-0190</subfield>
</datafield>
<datafield tag="022" ind1="#" ind2="#">
<subfield code="$a">0104-7795</subfield>
</datafield>
<datafield tag="042" ind1=" " ind2=" ">
<subfield code="a">dc</subfield>
</datafield>
<datafield tag="245" ind1="0" ind2="0">
<subfield code="a">Fatores de risco cardiovasculares em pacientes com fibromialgia</subfield>
</datafield>  <datafield tag="720" ind1="1" ind2=" ">
<subfield code="a">Zanetti, Hugo Ribeiro</subfield>
<subfield code="u">Universidade Federal do Triângulo Mineiro - UFTM</subfield></datafield>
<datafield tag="720" ind1="1" ind2=" ">
<subfield code="a">Facioli, Tábata de Paula</subfield>
<subfield code="u">Faculdade de Medicina de Ribeirão Preto da Universidade de São Paulo - FMRP/USP</subfield></datafield>
<datafield tag="720" ind1="1" ind2=" ">
<subfield code="a">Furlanetto Júnior, Roberto</subfield>
<subfield code="u">Universidade Federal do Triângulo Mineiro - UFTM</subfield></datafield>
<datafield tag="720" ind1="1" ind2=" ">
<subfield code="a">Haddad, Eduardo Gaspareto</subfield>
<subfield code="u">Instituto Master de Ensino Presidente Antônio Carlos - IMEPAC</subfield></datafield>
<datafield tag="720" ind1="1" ind2=" ">
<subfield code="a">Lopes, Leandro Teixeira Paranhos</subfield>
<subfield code="u">Centro Universitário do Triângulo - UNITRI</subfield></datafield>
<datafield tag="720" ind1="1" ind2=" ">
<subfield code="a">Gonçalves, Alexandre</subfield>
<subfield code="u">Instituto Master de Ensino Presidente Antônio Carlos - IMEPAC</subfield></datafield>
<datafield tag="520" ind1=" " ind2=" ">
<subfield code="a"> Objetivo: Verificar os fatores de risco cardiovasculares em pacientes com fibromialgia (FM). Métodos: O estudo foi composto por 40 mulheres diagnosticadas com FM e encaminhadas para o setor de Reabilitação Física do Hospital de Clínicas de Uberlândia. Foi aplicado um questionário do American College of Sports Medicine contendo perguntas sobre histórico familiar; tabagismo; hipertensão; dislipidemia; glicose de jejum alterada; obesidade; sedentarismo e etilismo. Resultados: O sedentarismo teve prevalência de 92,5%, hereditariedade 52,5%, obesidade 50%, hipertensão arterial 45%, dislipidemia 37,5%, tabagismo 25%, etilismo 8% e diabetes 7,5%. Além disso, 60% da amostra apresentou três ou mais fatores de risco, 30% apresentou 2 fatores e 10% apresentou apenas um fator de risco. Conclusão: Pacientes com FM apresentam vários fatores de risco cardiovasculares, desse modo, deve-se orientar tais pacientes à mudança do estilo de vida, a fim de reduzir tais fatores e consequentemente eventos cardíacos futuros, e proporciona melhora do quadro de dor. </subfield>
</datafield>
<datafield tag="260" ind1=" " ind2=" ">
<subfield code="b">Faculdade de Medicina, Universidade de São Paulo</subfield>
</datafield>
<dataField tag="260" ind1=" " ind2=" ">
<subfield code="c">2015-12-01 00:00:00</subfield>
</dataField>   <datafield tag="856" ind1=" " ind2=" ">
<subfield code="q">application/pdf</subfield>
</datafield>
<datafield tag="856" ind1=" " ind2=" ">
<subfield code="q">application/pdf</subfield>
</datafield>
<datafield tag="856" ind1="4" ind2="0">
<subfield code="u">https://www.revistas.usp.br/actafisiatrica/article/view/122488</subfield>
</datafield>  <datafield tag="786" ind1="0" ind2=" ">
<subfield code="n">Acta Fisiátrica; v. 22 n. 4 (2015)</subfield>
</datafield>  <datafield tag="546" ind1=" " ind2=" ">
<subfield code="a">por</subfield>
</datafield>   <datafield tag="540" ind1=" " ind2=" ">
<subfield code="a">Copyright (c) 2015 Acta Fisiátrica</subfield>
</datafield>
</record>
</metadata>
</record>