
<record>
<header>
<identifier>oai:revistas.usp.br:article/122489</identifier>
<datestamp>2019-11-21T21:13:38Z</datestamp>
<setSpec>actafisiatrica:Art.+Orig.</setSpec>
<setSpec>driver</setSpec>
</header>
<metadata>
<record xmlns="http://www.loc.gov/MARC21/slim" xmlns:xsi="http://www.w3.org/2001/XMLSchema-instance" xsi:schemaLocation="http://www.loc.gov/MARC21/slim http://www.loc.gov/standards/marcxml/schema/MARC21slim.xsd">
<leader>     nmb a2200000Iu 4500</leader>
<controlfield tag="008">"151201 2015                        eng  "</controlfield>
<datafield tag="022" ind1="#" ind2="#">
<subfield code="$a">2317-0190</subfield>
</datafield>
<datafield tag="022" ind1="#" ind2="#">
<subfield code="$a">0104-7795</subfield>
</datafield>
<datafield tag="042" ind1=" " ind2=" ">
<subfield code="a">dc</subfield>
</datafield>
<datafield tag="245" ind1="0" ind2="0">
<subfield code="a">Permanência prolongada na postura sentada e desconforto físico em estudantes universitários</subfield>
</datafield>  <datafield tag="720" ind1="1" ind2=" ">
<subfield code="a">Caromano, Fátima Aparecida</subfield>
<subfield code="u">Faculdade de Medicina da Universidade de São Paulo</subfield></datafield>
<datafield tag="720" ind1="1" ind2=" ">
<subfield code="a">Amorim, Cristina Aparecida Padoin de</subfield>
<subfield code="u">Faculdade de Medicina da Universidade de São Paulo</subfield></datafield>
<datafield tag="720" ind1="1" ind2=" ">
<subfield code="a">Rebelo, Cristina de Fátima</subfield>
<subfield code="u">Faculdade de Medicina da Universidade de São Paulo</subfield></datafield>
<datafield tag="720" ind1="1" ind2=" ">
<subfield code="a">Contesini, Adriana Maria</subfield>
<subfield code="u">Faculdade de Medicina da Universidade de São Paulo</subfield></datafield>
<datafield tag="720" ind1="1" ind2=" ">
<subfield code="a">Fávero, Francis Meire</subfield>
<subfield code="u">Universidade Ibirapuera - UNIB</subfield></datafield>
<datafield tag="720" ind1="1" ind2=" ">
<subfield code="a">Frutuoso, Jecilene Rosana Costa</subfield>
<subfield code="u">Universidade Ibirapuera - UNIB</subfield></datafield>
<datafield tag="720" ind1="1" ind2=" ">
<subfield code="a">Kawai, Milena Missa</subfield>
<subfield code="u">Faculdade de Medicina da Universidade de São Paulo</subfield></datafield>
<datafield tag="720" ind1="1" ind2=" ">
<subfield code="a">Voos, Mariana Callil</subfield>
<subfield code="u">Faculdade de Medicina da Universidade de São Paulo</subfield></datafield>
<datafield tag="520" ind1=" " ind2=" ">
<subfield code="a"> A evolução do homem promoveu adoção da postura sentada por períodos prolongados, induzindo alterações biomecânicas e fisiológicas no corpo. No ensino, a adoção desta postura pode induzir distúrbios musculoesqueléticos e desconforto físico, associado ou não com aprendizagem. Objetivo:Quantificar e caracterizar o tempo de permanência na postura sentada por estudantes universitários e avaliar relação do tempo com queixas de dor e/ou desconforto. Método: Estudo quali-quantitativo. Coleta dos dados feita por meio de diário. Participaram 47 universitários que registraram número de horas na postura sentada, atividades, presença de dor e/ou desconforto e responderam pergunta aberta sobre suas observações referentes ao período experimental. Foi realizada análise estatística descritiva e calculado o coeficiente de correlação de Spearman entre elas, duas a duas. As respostas à pergunta aberta foram categorizadas e agrupadas segundo a frequência e similaridade. Resultados: Estudantes avaliados permaneceram longos períodos sentados (13,4 DP 1,5 horas). Percepção de desconforto do mobiliário foi relevante. Queixas de desconforto e/ou dor podem estar relacionadas com a permanência prolongada na postura sentada. Os locais com mais queixas de dor foram a cabeça, região cervical, ombros e lombossacral. Quanto maior o tempo na postura sentada, maior a incidência de queixas dor. Não se pode afirmar que a dor provoque ou aumente o nível de estresse. Conclusão: O diário foi ferramenta útil para coleta de dados e serviu como instrumento de interferência na auto-observação e autocuidado. Este estudo contribui para o entendimento de como a postura sentada afeta universitários e fornece indicadores para futuras intervenções. </subfield>
</datafield>
<datafield tag="260" ind1=" " ind2=" ">
<subfield code="b">Faculdade de Medicina, Universidade de São Paulo</subfield>
</datafield>
<dataField tag="260" ind1=" " ind2=" ">
<subfield code="c">2015-12-01 00:00:00</subfield>
</dataField>   <datafield tag="856" ind1=" " ind2=" ">
<subfield code="q">application/pdf</subfield>
</datafield>
<datafield tag="856" ind1=" " ind2=" ">
<subfield code="q">application/pdf</subfield>
</datafield>
<datafield tag="856" ind1="4" ind2="0">
<subfield code="u">https://www.revistas.usp.br/actafisiatrica/article/view/122489</subfield>
</datafield>  <datafield tag="786" ind1="0" ind2=" ">
<subfield code="n">Acta Fisiátrica; v. 22 n. 4 (2015)</subfield>
</datafield>  <datafield tag="546" ind1=" " ind2=" ">
<subfield code="a">por</subfield>
</datafield>   <datafield tag="540" ind1=" " ind2=" ">
<subfield code="a">Copyright (c) 2015 Acta Fisiátrica</subfield>
</datafield>
</record>
</metadata>
</record>