
<record>
<header>
<identifier>oai:revistas.usp.br:article/122492</identifier>
<datestamp>2019-11-21T21:13:38Z</datestamp>
<setSpec>actafisiatrica:Art.+Orig.</setSpec>
<setSpec>driver</setSpec>
</header>
<metadata>
<record xmlns="http://www.loc.gov/MARC21/slim" xmlns:xsi="http://www.w3.org/2001/XMLSchema-instance" xsi:schemaLocation="http://www.loc.gov/MARC21/slim http://www.loc.gov/standards/marcxml/schema/MARC21slim.xsd">
<leader>     nmb a2200000Iu 4500</leader>
<controlfield tag="008">"151201 2015                        eng  "</controlfield>
<datafield tag="022" ind1="#" ind2="#">
<subfield code="$a">2317-0190</subfield>
</datafield>
<datafield tag="022" ind1="#" ind2="#">
<subfield code="$a">0104-7795</subfield>
</datafield>
<datafield tag="042" ind1=" " ind2=" ">
<subfield code="a">dc</subfield>
</datafield>
<datafield tag="245" ind1="0" ind2="0">
<subfield code="a">Associação entre desempenho funcional e quedas em idosas classificadas segundo a faixa etária</subfield>
</datafield>  <datafield tag="720" ind1="1" ind2=" ">
<subfield code="a">Amarante, Thiago Rogério Padilha</subfield>
<subfield code="u">Hospital de Clínicas - UFPR</subfield></datafield>
<datafield tag="720" ind1="1" ind2=" ">
<subfield code="a">Gomes, Anna Raquel Silveira</subfield>
<subfield code="u">Hospital de Clínicas - UFPR</subfield></datafield>
<datafield tag="720" ind1="1" ind2=" ">
<subfield code="a">Santos, Flavia Pinotti dos</subfield>
<subfield code="u">Hospital de Clínicas - UFPR</subfield></datafield>
<datafield tag="720" ind1="1" ind2=" ">
<subfield code="a">Coelho, Rodrigo Augusto</subfield>
<subfield code="u">Hospital Nossa Senhora do Rocio</subfield></datafield>
<datafield tag="720" ind1="1" ind2=" ">
<subfield code="a">Valderramas, Silvia</subfield>
<subfield code="u">Hospital de Clinicas - UFPR</subfield></datafield>
<datafield tag="520" ind1=" " ind2=" ">
<subfield code="a"> Objetivo: Avaliar o desempenho funcional e o histórico de quedas de idosas. Método: Estudo observacional de corte transversal, onde foram selecionadas 57 idosas da comunidade, divididas em 3 grupos, segundo a faixa etária: G1- 60 a 69 anos; G2- 70 a 79 anos e G3- 80 a 89 anos. Foram avaliados: mobilidade funcional (&quot;Timed Up &amp; Go Test&quot;); potência muscular (Teste de sentar e levantar 5 vezes); força de preensão manual (dinamômetro manual JAMAR®), histórico e prevalência de quedas. A análise das diferenças intergrupos foi realizada por meio da ANOVA One way e post hoc Tukey. As correlações foram avaliadas por meio do teste de Spearman. Resultados: Idosas do G3 quando comparadas aos grupos G1 e G2, apresentaram diminuição da FPM (18,08 ± 3,29 Kgf vs. 28,10 ± 4,26 Kgf; 18,08 ± 3,29Kgf vs. 22,92 ± 4,01, p = 0,001), da potencia muscular (14,44 ± 2,85s vs. 12,27 ± 2,34s; 14,44 ± 2,85s vs. 13,16 ± 2,27s, p = 0,04) e da mobilidade funcional (11,56 ± 3,10s vs. 8,57 ± 2,25s; 11,56 ± 3,10s vs. 10,30 ± 2,58s, p = 0,004). A maior prevalência de quedas foi nas idosas do G2 (52,6%) sendo que, nos últimos 6 meses, 26% caíram 1 vez, 5% caíram 2 vezes; 10% caíram 3 e 4 vezes. As idosas do G1 e G3 caíram 1 vez. A frequência de quedas apresentou correlação com mobilidade funcional (r = -0,52, p = 0,018). A idade apresentou correlação com a força de preensão manual (r = -0,67, p = 0,0001), potencia muscular (r = 0,31, p = 0,02) e com mobilidade funcional (r = 0,49, p = 0,0001). Conclusão: A prevalência de quedas foi maior na faixa etária entre 70-79 anos e quanto maior a idade pior o desempenho musculoesquelético e funcional. </subfield>
</datafield>
<datafield tag="260" ind1=" " ind2=" ">
<subfield code="b">Faculdade de Medicina, Universidade de São Paulo</subfield>
</datafield>
<dataField tag="260" ind1=" " ind2=" ">
<subfield code="c">2015-12-01 00:00:00</subfield>
</dataField>   <datafield tag="856" ind1=" " ind2=" ">
<subfield code="q">application/pdf</subfield>
</datafield>
<datafield tag="856" ind1=" " ind2=" ">
<subfield code="q">application/pdf</subfield>
</datafield>
<datafield tag="856" ind1="4" ind2="0">
<subfield code="u">https://www.revistas.usp.br/actafisiatrica/article/view/122492</subfield>
</datafield>  <datafield tag="786" ind1="0" ind2=" ">
<subfield code="n">Acta Fisiátrica; v. 22 n. 4 (2015)</subfield>
</datafield>  <datafield tag="546" ind1=" " ind2=" ">
<subfield code="a">por</subfield>
</datafield>   <datafield tag="540" ind1=" " ind2=" ">
<subfield code="a">Copyright (c) 2015 Acta Fisiátrica</subfield>
</datafield>
</record>
</metadata>
</record>