
<record>
<header>
<identifier>oai:revistas.usp.br:article/122507</identifier>
<datestamp>2019-11-21T21:13:38Z</datestamp>
<setSpec>actafisiatrica:Art.+Orig.</setSpec>
<setSpec>driver</setSpec>
</header>
<metadata>
<record xmlns="http://www.loc.gov/MARC21/slim" xmlns:xsi="http://www.w3.org/2001/XMLSchema-instance" xsi:schemaLocation="http://www.loc.gov/MARC21/slim http://www.loc.gov/standards/marcxml/schema/MARC21slim.xsd">
<leader>     nmb a2200000Iu 4500</leader>
<controlfield tag="008">"151201 2015                        eng  "</controlfield>
<datafield tag="022" ind1="#" ind2="#">
<subfield code="$a">2317-0190</subfield>
</datafield>
<datafield tag="022" ind1="#" ind2="#">
<subfield code="$a">0104-7795</subfield>
</datafield>
<datafield tag="042" ind1=" " ind2=" ">
<subfield code="a">dc</subfield>
</datafield>
<datafield tag="245" ind1="0" ind2="0">
<subfield code="a">A influência da postura corporal nos parâmetros do sistema de oscilometria de impulso em crianças</subfield>
</datafield>  <datafield tag="720" ind1="1" ind2=" ">
<subfield code="a">Ferreira, Letícia Goulart</subfield>
<subfield code="u">Universidade Estadual de Santa Catarina - UDESC</subfield></datafield>
<datafield tag="720" ind1="1" ind2=" ">
<subfield code="a">Gonçalves, Renata Maba</subfield>
<subfield code="u">Universidade Estadual de Santa Catarina - UDESC</subfield></datafield>
<datafield tag="720" ind1="1" ind2=" ">
<subfield code="a">Assumpção, Maíra Seabra de</subfield>
<subfield code="u">Universidade Estadual de Campinas - UNICAMP</subfield></datafield>
<datafield tag="720" ind1="1" ind2=" ">
<subfield code="a">Schivinski, Camila Isabel Santos</subfield>
<subfield code="u">Universidade Estadual de Santa Catarina - UDESC</subfield></datafield>
<datafield tag="520" ind1=" " ind2=" ">
<subfield code="a"> Oscilometria de impulso (IOS) é um método alternativo e complementar de avaliação da mecânica respiratória, mas cuja técnica de execução ainda necessita padronização. Objetivo: Analisar e comparar os resultados de parâmetros do IOS quando realizado em escolares nas posições ortostática e sentada. Método: estudo analítico observacional transversal. Escolares saudáveis de 6 a 12 anos foram submetidos à espirometria e dois exames de IOS randomizados quanto à postura (sentada e ortostática). Os dados foram analisados no SPSS 20.0. Utilizou-se o teste Shapiro-Wilk e, segundo a normalidade dos dados, aplicou-se o teste de Wilcoxon ou t de Student para comparação das posturas. Na correlação entre dados antropométricos e as variáveis oscilométricas empregou-se o teste de Pearson ou Spearman, com p &lt; 0,05. Resultados: participaram 72 crianças, idade média de 8,42 ± 1,26. Não houve diferença entre as variáveis oscilométricas nas duas posturas. Na posição sentada, houve correlação negativa baixa entre altura de tronco (Altronco) e variáveis: resistência a 20Hz (R20) (p = 0,034) e a 5Hz (R5) (p = 0,041), resistência central (Rescent) (p = 0,018) e impedância (Z) (p = 0,030). Em ortostatismo verificou-se correlação negativa baixa entre idade e resistência periférica (Resper) (p = 0,011), R5 (p = 0,014) e Z (p = 0,009). Conclusão: Não houve diferença nos valores das variáveis oscilométricas entre a postura sentada e ortostática. Contudo, a resistência das vias aéreas foi influenciada pela Altronco, estatura e idade. O ortostatismo parece ser a melhor posição para análise da Resper. </subfield>
</datafield>
<datafield tag="260" ind1=" " ind2=" ">
<subfield code="b">Faculdade de Medicina, Universidade de São Paulo</subfield>
</datafield>
<dataField tag="260" ind1=" " ind2=" ">
<subfield code="c">2015-12-01 00:00:00</subfield>
</dataField>   <datafield tag="856" ind1=" " ind2=" ">
<subfield code="q">application/pdf</subfield>
</datafield>
<datafield tag="856" ind1=" " ind2=" ">
<subfield code="q">application/pdf</subfield>
</datafield>
<datafield tag="856" ind1="4" ind2="0">
<subfield code="u">https://www.revistas.usp.br/actafisiatrica/article/view/122507</subfield>
</datafield>  <datafield tag="786" ind1="0" ind2=" ">
<subfield code="n">Acta Fisiátrica; v. 22 n. 4 (2015)</subfield>
</datafield>  <datafield tag="546" ind1=" " ind2=" ">
<subfield code="a">por</subfield>
</datafield>   <datafield tag="540" ind1=" " ind2=" ">
<subfield code="a">Copyright (c) 2015 Acta Fisiátrica</subfield>
</datafield>
</record>
</metadata>
</record>