
<record>
<header>
<identifier>oai:revistas.usp.br:article/122508</identifier>
<datestamp>2019-11-21T21:13:38Z</datestamp>
<setSpec>actafisiatrica:Art.+Orig.</setSpec>
<setSpec>driver</setSpec>
</header>
<metadata>
<record xmlns="http://www.loc.gov/MARC21/slim" xmlns:xsi="http://www.w3.org/2001/XMLSchema-instance" xsi:schemaLocation="http://www.loc.gov/MARC21/slim http://www.loc.gov/standards/marcxml/schema/MARC21slim.xsd">
<leader>     nmb a2200000Iu 4500</leader>
<controlfield tag="008">"151201 2015                        eng  "</controlfield>
<datafield tag="022" ind1="#" ind2="#">
<subfield code="$a">2317-0190</subfield>
</datafield>
<datafield tag="022" ind1="#" ind2="#">
<subfield code="$a">0104-7795</subfield>
</datafield>
<datafield tag="042" ind1=" " ind2=" ">
<subfield code="a">dc</subfield>
</datafield>
<datafield tag="245" ind1="0" ind2="0">
<subfield code="a">A CIF-CJ para crianças e adolescentes com osteogênese imperfeita: a perspectiva de especialistas</subfield>
</datafield>  <datafield tag="720" ind1="1" ind2=" ">
<subfield code="a">Santos, Tatiana Vasconcelos dos</subfield>
<subfield code="u">Instituto Nacional de Saúde da Mulher, da Criança e do Adolescente Fernandes Figueira/Fiocruz</subfield></datafield>
<datafield tag="720" ind1="1" ind2=" ">
<subfield code="a">Llerena Júnior, Juan Clinton</subfield>
<subfield code="u">Instituto Nacional de Saúde da Mulher, da Criança e do Adolescente Fernandes Figueira/Fiocruz</subfield></datafield>
<datafield tag="720" ind1="1" ind2=" ">
<subfield code="a">Ribeiro, Carla Trevisan Martins</subfield>
<subfield code="u">Instituto Nacional de Saúde da Mulher, da Criança e do Adolescente Fernandes Figueira/Fiocruz</subfield></datafield>
<datafield tag="520" ind1=" " ind2=" ">
<subfield code="a"> Objetivo: A partir da perspectiva de especialistas em Osteogênese Imperfeita (OI), identificar as categorias da Classificação Internacional de Funcionalidade, Incapacidade e Saúde-versão crianças e jovens (CIF-CJ) mais relevantes para avaliação de pacientes. Métodos: Três etapas de questionários enviados por correio eletrônico para cinco especialistas em OI utilizando o método Delphi modificado. Os participantes escolheram a partir de uma lista de categorias de segundo nível da CIF-CJ, as mais relevantes para avaliação da funcionalidade em crianças e adolescentes com OI. Ao final da terceira etapa, foram selecionadas as categorias escolhidas por no mínimo 80% dos respondentes. Resultados: Todos os componentes atingiram categorias com consenso. Os componentes com maior número de categorias escolhidas foram Atividades e Participação e Fatores Ambientais. Conclusão: Uma lista de categorias da CIF-CJ relevantes para OI pôde ser elaborada a partir da perspectiva de especialistas. Esta é uma importante etapa na elucidação do que deve ser avaliado em crianças e adolescentes com OI. </subfield>
</datafield>
<datafield tag="260" ind1=" " ind2=" ">
<subfield code="b">Faculdade de Medicina, Universidade de São Paulo</subfield>
</datafield>
<dataField tag="260" ind1=" " ind2=" ">
<subfield code="c">2015-12-01 00:00:00</subfield>
</dataField>   <datafield tag="856" ind1=" " ind2=" ">
<subfield code="q">application/pdf</subfield>
</datafield>
<datafield tag="856" ind1=" " ind2=" ">
<subfield code="q">application/pdf</subfield>
</datafield>
<datafield tag="856" ind1="4" ind2="0">
<subfield code="u">https://www.revistas.usp.br/actafisiatrica/article/view/122508</subfield>
</datafield>  <datafield tag="786" ind1="0" ind2=" ">
<subfield code="n">Acta Fisiátrica; v. 22 n. 4 (2015)</subfield>
</datafield>  <datafield tag="546" ind1=" " ind2=" ">
<subfield code="a">por</subfield>
</datafield>   <datafield tag="540" ind1=" " ind2=" ">
<subfield code="a">Copyright (c) 2015 Acta Fisiátrica</subfield>
</datafield>
</record>
</metadata>
</record>