
<record>
<header>
<identifier>oai:revistas.usp.br:article/122509</identifier>
<datestamp>2019-12-02T20:37:13Z</datestamp>
<setSpec>actafisiatrica:Art.+Rev.</setSpec>
<setSpec>driver</setSpec>
</header>
<metadata>
<record xmlns="http://www.loc.gov/MARC21/slim" xmlns:xsi="http://www.w3.org/2001/XMLSchema-instance" xsi:schemaLocation="http://www.loc.gov/MARC21/slim http://www.loc.gov/standards/marcxml/schema/MARC21slim.xsd">
<leader>     nmb a2200000Iu 4500</leader>
<controlfield tag="008">"151201 2015                        eng  "</controlfield>
<datafield tag="022" ind1="#" ind2="#">
<subfield code="$a">2317-0190</subfield>
</datafield>
<datafield tag="022" ind1="#" ind2="#">
<subfield code="$a">0104-7795</subfield>
</datafield>
<datafield tag="042" ind1=" " ind2=" ">
<subfield code="a">dc</subfield>
</datafield>
<datafield tag="245" ind1="0" ind2="0">
<subfield code="a">Como o estilo de vida tem sido avaliado: revisão sistemática</subfield>
</datafield>  <datafield tag="720" ind1="1" ind2=" ">
<subfield code="a">Pôrto, Elias Ferreira</subfield>
<subfield code="u">Centro Universitário Adventista de São Paulo - UNASP</subfield></datafield>
<datafield tag="720" ind1="1" ind2=" ">
<subfield code="a">Kümpel, Claudia</subfield>
<subfield code="u">Centro Universitário Adventista de São Paulo - UNASP</subfield></datafield>
<datafield tag="720" ind1="1" ind2=" ">
<subfield code="a">Castro, Antônio Adolfo Mattos de</subfield>
<subfield code="u">Universidade Federal dos Pampas - UNIPAMPA</subfield></datafield>
<datafield tag="720" ind1="1" ind2=" ">
<subfield code="a">Oliveira, Isis Modesto de</subfield>
<subfield code="u">Centro Universitário Adventista de São Paulo - UNASP</subfield></datafield>
<datafield tag="720" ind1="1" ind2=" ">
<subfield code="a">Alfieri, Fábio Marcon</subfield>
<subfield code="u">Centro Universitário Adventista de São Paulo - UNASP</subfield></datafield>
<datafield tag="520" ind1=" " ind2=" ">
<subfield code="a"> O estilo de vida corresponde ao conjunto de hábitos e costumes que são influenciados e modificados que podem contribuir para a promoção da saúde. Objetivo: Realizar uma revisão sobre os métodos que têm sido utilizados para a avaliação do estilo de vida, assim como identificar o que tem sido considerado como estilo de vida saudável. Método: Este estudo consistiu em uma revisão sistemática sobre os possíveis métodos de avaliação do estilo de vida e hábitos que são considerados estilo de vida saudável. A pesquisa foi realizada nas bases de dados nacionais e internacionais: LILACS, MEDLINE, PubMed e SciELO, e busca livre no Google acadêmico, como os seguintes descritores: &quot;estilo de vida&quot; &quot;estilo de vida saudável&quot;. Resultados: foram encontrados 142 artigos, sobre estilo de vida saudável, 105 não preencheram os critérios estabelecidos, 28 foram considerados elegíveis e foram incluídos no estudo, 10 tinham amostra randomizados, e um pseudo-randomizada, 17 não havia aleatorização no processo. Entre os artigos selecionados havia quatro propostas para validar instrumentos de avaliação de estilo de vida, e uma revisão sistemática. Os instrumentos utilizados nestes estudos não eram muito confiáveis para avaliar estilo de vida, os métodos destes apresentaram baixa responsividade. Conclusão: Podemos concluir que o estilo de vida saudável deve ser iniciado precocemente e continuar durante toda a vida, e as principais ações relacionadas a um estilo de vida saudável, controle de parâmetros metabólico, realizar atividades física, e alimentação saudável, entretanto os instrumentos de avaliação do estilo de vida ainda são pobre na capacidade de resposta. </subfield>
</datafield>
<datafield tag="260" ind1=" " ind2=" ">
<subfield code="b">Faculdade de Medicina, Universidade de São Paulo</subfield>
</datafield>
<dataField tag="260" ind1=" " ind2=" ">
<subfield code="c">2015-12-01 00:00:00</subfield>
</dataField>   <datafield tag="856" ind1=" " ind2=" ">
<subfield code="q">application/pdf</subfield>
</datafield>
<datafield tag="856" ind1=" " ind2=" ">
<subfield code="q">application/pdf</subfield>
</datafield>
<datafield tag="856" ind1="4" ind2="0">
<subfield code="u">https://www.revistas.usp.br/actafisiatrica/article/view/122509</subfield>
</datafield>  <datafield tag="786" ind1="0" ind2=" ">
<subfield code="n">Acta Fisiátrica; v. 22 n. 4 (2015)</subfield>
</datafield>  <datafield tag="546" ind1=" " ind2=" ">
<subfield code="a">por</subfield>
</datafield>   <datafield tag="540" ind1=" " ind2=" ">
<subfield code="a">Copyright (c) 2015 Acta Fisiátrica</subfield>
</datafield>
</record>
</metadata>
</record>