
<record>
<header>
<identifier>oai:revistas.usp.br:article/122512</identifier>
<datestamp>2019-11-21T21:13:38Z</datestamp>
<setSpec>actafisiatrica:Art.+Rev.</setSpec>
<setSpec>driver</setSpec>
</header>
<metadata>
<record xmlns="http://www.loc.gov/MARC21/slim" xmlns:xsi="http://www.w3.org/2001/XMLSchema-instance" xsi:schemaLocation="http://www.loc.gov/MARC21/slim http://www.loc.gov/standards/marcxml/schema/MARC21slim.xsd">
<leader>     nmb a2200000Iu 4500</leader>
<controlfield tag="008">"151201 2015                        eng  "</controlfield>
<datafield tag="022" ind1="#" ind2="#">
<subfield code="$a">2317-0190</subfield>
</datafield>
<datafield tag="022" ind1="#" ind2="#">
<subfield code="$a">0104-7795</subfield>
</datafield>
<datafield tag="042" ind1=" " ind2=" ">
<subfield code="a">dc</subfield>
</datafield>
<datafield tag="245" ind1="0" ind2="0">
<subfield code="a">Dupla tarefa como estratégia terapêutica em fisioterapia neurofuncional: uma revisão da literatura</subfield>
</datafield>  <datafield tag="720" ind1="1" ind2=" ">
<subfield code="a">Mendel, Tassiana</subfield>
<subfield code="u">Universidade Federal da Bahia - UFBA</subfield></datafield>
<datafield tag="720" ind1="1" ind2=" ">
<subfield code="a">Barbosa, Wilames Oliveira</subfield>
<subfield code="u">Hospital Universitário de Sergipe</subfield></datafield>
<datafield tag="720" ind1="1" ind2=" ">
<subfield code="a">Sasaki, Adriana Campos</subfield>
<subfield code="u">Universidade do Estado da Bahia - UNEB</subfield></datafield>
<datafield tag="520" ind1=" " ind2=" ">
<subfield code="a"> Objetivo: Discutir as possibilidades de utilizaçao da dupla tarefa no âmbito da reabilitaçao de pacientes neurológicos. Métodos: Foram realizadas buscas nas bases de dados PUBMED, MEDLINE, LILACS e PEDro, com o termo em inglês dual task associados a cada uma das palavras, em separado: treatment, physicaltherapy, rehabilitation, exercise, training, dividedattention, executivefunctions e attentionaldemands. Foram selecionados apenas ensaios clínicos que utilizaram o treinamento de dupla tarefa em populaçao adulta com doença ou lesao neurológica. Resultados: Dos 2024 artigos encontrados, 1017 foram excluídos por se tratarem de artigos duplicados. Dentre os 1007 restantes, 998 foram excluídos após a análise dos resumos. Os nove artigos selecionados avaliaram pacientes com acidente vascular encefálico, traumatismo encefálico, doença de Alzheimer e de Parkinson. A maioria utilizou a marcha como tarefa primária, e uma tarefa cognitiva como secundária. Os programas variaram entre 9 e 48 horas totais de treinamento. Conclusao: O treinamento de dupla tarefa parece ter efeitos positivos na marcha, cogniçao, habilidades de automatizaçao e transferência de aprendizado, sugerindo que essa pode ser uma estratégia valiosa para a reabilitaçao neurológica. Entretanto, ainda se faz necessário explicar quais as tarefas que sao mais eficientes, o período de intervençao adequado e a extensao do período de retençao do aprendizado. </subfield>
</datafield>
<datafield tag="260" ind1=" " ind2=" ">
<subfield code="b">Faculdade de Medicina, Universidade de São Paulo</subfield>
</datafield>
<dataField tag="260" ind1=" " ind2=" ">
<subfield code="c">2015-12-01 00:00:00</subfield>
</dataField>   <datafield tag="856" ind1=" " ind2=" ">
<subfield code="q">application/pdf</subfield>
</datafield>
<datafield tag="856" ind1=" " ind2=" ">
<subfield code="q">application/pdf</subfield>
</datafield>
<datafield tag="856" ind1="4" ind2="0">
<subfield code="u">https://www.revistas.usp.br/actafisiatrica/article/view/122512</subfield>
</datafield>  <datafield tag="786" ind1="0" ind2=" ">
<subfield code="n">Acta Fisiátrica; v. 22 n. 4 (2015)</subfield>
</datafield>  <datafield tag="546" ind1=" " ind2=" ">
<subfield code="a">por</subfield>
</datafield>   <datafield tag="540" ind1=" " ind2=" ">
<subfield code="a">Copyright (c) 2015 Acta Fisiátrica</subfield>
</datafield>
</record>
</metadata>
</record>