
<record>
<header>
<identifier>oai:revistas.usp.br:article/122518</identifier>
<datestamp>2019-11-21T21:13:38Z</datestamp>
<setSpec>actafisiatrica:Rel.+Caso</setSpec>
<setSpec>driver</setSpec>
</header>
<metadata>
<record xmlns="http://www.loc.gov/MARC21/slim" xmlns:xsi="http://www.w3.org/2001/XMLSchema-instance" xsi:schemaLocation="http://www.loc.gov/MARC21/slim http://www.loc.gov/standards/marcxml/schema/MARC21slim.xsd">
<leader>     nmb a2200000Iu 4500</leader>
<controlfield tag="008">"151201 2015                        eng  "</controlfield>
<datafield tag="022" ind1="#" ind2="#">
<subfield code="$a">2317-0190</subfield>
</datafield>
<datafield tag="022" ind1="#" ind2="#">
<subfield code="$a">0104-7795</subfield>
</datafield>
<datafield tag="042" ind1=" " ind2=" ">
<subfield code="a">dc</subfield>
</datafield>
<datafield tag="245" ind1="0" ind2="0">
<subfield code="a">Ganglionopatia como manifestação inicial de neoplasia pulmonar: relato de caso</subfield>
</datafield>  <datafield tag="720" ind1="1" ind2=" ">
<subfield code="a">Gomes, Caio Ribeiro Azevedo</subfield>
<subfield code="u">Faculdade de Medicina da Universidade de São Paulo</subfield></datafield>
<datafield tag="720" ind1="1" ind2=" ">
<subfield code="a">Silva, Bruno Nogueira</subfield>
<subfield code="u">Faculdade de Medicina da Universidade de São Paulo</subfield></datafield>
<datafield tag="720" ind1="1" ind2=" ">
<subfield code="a">Ferrão, Gustavo Carneiro</subfield>
<subfield code="u">Faculdade de Medicina da Universidade de São Paulo</subfield></datafield>
<datafield tag="720" ind1="1" ind2=" ">
<subfield code="a">Nunes, Andressa Silvia Faé</subfield>
<subfield code="u">Faculdade de Medicina da Universidade de São Paulo</subfield></datafield>
<datafield tag="720" ind1="1" ind2=" ">
<subfield code="a">Ramos, Arquimedes de Moura</subfield>
<subfield code="u">Faculdade de Medicina da Universidade de São Paulo</subfield></datafield>
<datafield tag="720" ind1="1" ind2=" ">
<subfield code="a">Chung, Tae Mo</subfield>
<subfield code="u">Faculdade de Medicina da Universidade de São Paulo</subfield></datafield>
<datafield tag="720" ind1="1" ind2=" ">
<subfield code="a">Nunes, Lucas Martins de Exel</subfield>
<subfield code="u">Faculdade de Medicina da Universidade de São Paulo</subfield></datafield>
<datafield tag="520" ind1=" " ind2=" ">
<subfield code="a"> A ganglionopatia é uma entidade rara que consiste na afecção dos neurônios sensitivos da raiz dorsal, fazendo parte do grupo das polineuropatias periféricas do tipo exclusivamente sensitivo com comprometimento axonal e tendo seu diagnóstico feito através de estudo eletroneuromiográfico. A associação entre a ganglionopatia e outras patologias como neoplasias, doenças autoimunes, doença celíaca, entre outras é amplamente citada na literatura. O objetivo deste trabalho é descrever o caso clínico de um paciente com diagnóstico de neoplasia pulmonar cuja manifestação inicial foi a ganglionopatia, incluindo a descrição detalhada do exame eletroneuromiográfico que auxiliou no processo diagnóstico do médico assistente. Concluímos ser importante que o médico neurofisiologista tenha em mente as possíveis causas da ganglionopatia e saiba apontar o médico assistente para que a investigação possa ser realizada de maneira completa e precoce. </subfield>
</datafield>
<datafield tag="260" ind1=" " ind2=" ">
<subfield code="b">Faculdade de Medicina, Universidade de São Paulo</subfield>
</datafield>
<dataField tag="260" ind1=" " ind2=" ">
<subfield code="c">2015-12-01 00:00:00</subfield>
</dataField>   <datafield tag="856" ind1=" " ind2=" ">
<subfield code="q">application/pdf</subfield>
</datafield>
<datafield tag="856" ind1=" " ind2=" ">
<subfield code="q">application/pdf</subfield>
</datafield>
<datafield tag="856" ind1="4" ind2="0">
<subfield code="u">https://www.revistas.usp.br/actafisiatrica/article/view/122518</subfield>
</datafield>  <datafield tag="786" ind1="0" ind2=" ">
<subfield code="n">Acta Fisiátrica; v. 22 n. 4 (2015)</subfield>
</datafield>  <datafield tag="546" ind1=" " ind2=" ">
<subfield code="a">por</subfield>
</datafield>   <datafield tag="540" ind1=" " ind2=" ">
<subfield code="a">Copyright (c) 2015 Acta Fisiátrica</subfield>
</datafield>
</record>
</metadata>
</record>
<resumptionToken expirationDate="2023-08-08T14:50:20Z" completeListSize="935" cursor="550">4a78972815d581852e96b40037dc11e1</resumptionToken>
</ListRecords>
</OAI-PMH> 